4775 6225
1845 763 1898 822 127

395 923 501 997 ¹²28.
548 926 718 1015 zamma
743 928 783 999 ic
805 927 906 1016 incy,
930 927 980 998 ka
1004 926 1226 1015 inflectatis}
1322 928 1396 994 Pod
1420 929 1623 1012 Wrrszawq,
1647 928 1775 997 5V111
1802 930 1897 998 1587.

714 1111 927 1193 Kondolenq'e
948 1111 1092 1175 wskutek
1112 1110 1243 1176 {mierci
1266 1110 1411 1175 Gotardo
1434 1110 1584 1174 Kettlem.

508 1288 592 1344 Arch.
606 1289 731 1343 Paastu.
746 1306 772 1342 w
783 1289 881 1357 Rydzc,
901 1290 988 1343 Kurz.
1008 1289 1078 1343 herc.
1098 1289 1174 1343 arch.
1193 1291 1320 1354 1321785
1329 1288 1359 1357 fi
1377 1301 1424 1354 51.
1446 1288 1527 1356 Oryg.
1547 1291 1712 1358 apicczpciq
1725 1292 1894 1359 papierowq,
1974 1253 1977 1259 Ι

393 1378 630 1447 mlarnorqcznym
649 1382 787 1450 podpiscm
806 1383 819 1432 i
835 1383 972 1435 adrcrcm:
998 1378 1115 1433 Ill-mue
1133 1378 1254 1449 principi
1273 1378 1370 1432 D·nae
1388 1379 1502 1445 Annae,
1520 1384 1608 1432 natae
1628 1377 1748 1448 principi
1766 1377 1896 1449 Megalo·

393 1467 512 1538 polensi
531 1469 562 1522 in
580 1468 711 1538 livonia,
730 1468 911 1539 Curiandiae,
930 1468 1103 1541 Semiguliae
1121 1467 1253 1523 ducissae
1271 1484 1306 1522 ac
1325 1467 1458 1523 dominae
1477 1467 1766 1524 observandissime.

506 1631 621 1698 lii-ma
643 1631 816 1720 Princeps,

507 1737 595 1805 Cum
611 1740 743 1826 legatus
762 1739 862 1805 ill-mi
880 1739 945 1804 filii
962 1740 1014 1807 111.
1031 1739 1173 1806 Vestrae
1194 1739 1263 1806 iam
1285 1738 1418 1824 rediret,
1441 1738 1664 1805 intermittere
1685 1740 1787 1825 nolui,
1812 1740 1893 1827 quin

395 1845 441 1911 ad
465 1846 518 1912 ni
541 1845 643 1912 etiam
665 1845 822 1913 Vestram
845 1847 1018 1913 literarum
1040 1846 1167 1934 aliquid
1190 1847 1314 1913 darem
1344 1846 1429 1913 Cum
1453 1856 1564 1913 autem
1588 1847 1654 1914 duo
1677 1869 1803 1933 genera
1824 1847 1896 1912 lite

394 1974 514 2019 rarum
538 1954 579 2018 ad
604 1975 678 2019 eam
700 1954 766 2019 hoc
787 1961 939 2040 tempore
962 1953 1106 2021 maxime
1128 1953 1213 2020 mihi
1236 1962 1457 2039 occurrerent,
1480 1977 1585 2020 unum
1609 1976 1675 2041 quo
1698 1954 1734 2019 in
1757 1954 1821 2020 hac
1843 1975 1897 2019 or·

396 2058 506 2125 bitate
524 2060 631 2147 ipsius
650 2082 724 2126 eam
748 2062 946 2146 consolarer,
966 2061 1192 2148 alterumque
1216 2070 1250 2128 et
1273 2083 1355 2148 erga
1378 2061 1525 2149 optimae
1547 2062 1728 2128 memoriae
1750 2062 1897 2127 ill-mum

396 2167 560 2233 maritum
583 2167 654 2234 eius
678 2175 713 2234 et
734 2168 771 2233 in
793 2167 844 2235 ni
868 2167 1025 2235 Vestram
1048 2168 1157 2257 ipsam
1179 2170 1389 2235 voluntatem
1411 2191 1521 2235 meam
1543 2169 1755 2254 testificaret,
1779 2190 1896 2235 conso·

395 2273 527 2341 latione
550 2275 686 2362 quidem
708 2276 847 2342 minime
870 2299 970 2364 egere
992 2299 1065 2343 eam
1089 2276 1173 2343 mihi
1195 2276 1455 2365 persuadebam
1480 2298 1580 2363 quam
1604 2276 1695 2343 omni
1718 2276 1898 2364 prudentia

396 2390 431 2448 et
455 2383 583 2470 pietate
605 2405 678 2450 esse
702 2384 831 2470 scirem,
854 2392 892 2450 ut
910 2384 1065 2452 omnibus
1088 2389 1124 2453 in
1146 2384 1247 2451 rebus
1270 2385 1406 2452 divinae
1427 2385 1595 2452 voluntati
1618 2384 1804 2472 parendum
1828 2391 1896 2449 sta-

395 2497 501 2556 tuam
524 2490 706 2576 Reliquum
724 2491 830 2577 igitur
847 2499 908 2577 est,
926 2499 965 2557 ut
982 2492 1099 2559 officia
1117 2506 1218 2579 atque
1236 2492 1348 2558 studia
1370 2514 1445 2558 mea
1467 2491 1531 2559 hoc
1558 2491 1660 2558 etiam
1682 2490 1896 2580 potissimum

394 2605 551 2685 ternpore
574 2598 645 2664 eius
668 2598 718 2663 illi
741 2598 903 2681 deferem3
941 2599 1126 2686 dequibus
1150 2599 1180 2665 si
1202 2600 1330 2665 nullam
1353 2599 1489 2666 omnino
1512 2599 1548 2667 in
1572 2608 1703 2687 partem
1726 2597 1896 2683 dubitarit,

396 2726 468 2770 non
485 2704 604 2771 sullam
622 2712 712 2771 certe
729 2728 878 2792 unquam
902 2714 1065 2793 quantum
1083 2706 1119 2772 in
1142 2729 1197 2773 me
1215 2706 1279 2773 erit
1297 2707 1352 2773 vel
1375 2707 1426 2773 llL
1449 2706 1600 2793 Vestrae,
1622 2707 1678 2774 vel
1700 2706 1801 2772 ill-mi
1823 2728 1896 2772 ma·

395 2810 456 2876 riti
474 2812 557 2896 eius,
576 2834 676 2899 quam
695 2813 737 2878 de
759 2836 814 2879 me
836 2811 953 2879 habuit
976 2812 1178 2901 opinionem.
1203 2812 1299 2893 Quod
1321 2813 1488 2901 reliquum
1511 2821 1563 2881 est
1584 2814 1636 2881 ln.
1659 2814 1802 2881 Vestrae
1825 2835 1896 2880 om·

395 2917 455 2985 nia
473 2918 588 2985 fausta
606 2942 645 2985 ao
663 2919 776 2986 felicia
794 2943 814 2986 a
830 2921 903 2987 Deo
927 2921 1055 3008 optimo
1073 2920 1221 2988 maximo
1239 2943 1366 3009 precor.
1389 2921 1444 2988 Ad
1463 2920 1662 2988 Varsaviam
1686 2921 1741 2987 die
1758 2920 1791 2987 V
1808 2943 1895 2988 mera

394 3025 549 3114 Augusti
572 3048 660 3094 anno
683 3027 822 3094 Domini
848 3029 931 3097 1587
935 3037 959 3095 ⁰.

396 3330 499 3402 im.
546 3332 716 3420 lunoni!
741 3332 782 3404 dc
810 3333 829 3402 t
1702 3336 1788 3400 VIII
1806 3339 1895 3419 1587.

958 3480 988 3545 0
1010 3482 1123 3564 obronp
1144 3482 1342 3563 Rabsztyna.

505 3638 582 3691 Bibl.
604 3638 671 3692 Ord.
692 3639 769 3692 Zam.
788 3655 840 3692 scr.
861 3639 917 3693 III
931 3643 950 3691 l.
969 3639 1028 3693 III
1040 3656 1079 3692 nr
1094 3653 1120 3692 2.
1142 3638 1265 3695 Cedulka
1284 3641 1330 3693 bez
1349 3642 1491 3694 adresata.

506 3782 534 3846 Z
553 3788 673 3868 strony
695 3782 883 3870 Repentina
895 3785 917 3866 ¹)
940 3805 1060 3870 prosae
1081 3805 1157 3849 racz
1180 3783 1272 3849 ΨΜ
1296 3807 1338 3850 m
1363 3806 1406 3850 na
1430 3785 1504 3850 Pan
1528 3783 1571 3851 do
1593 3782 1652 3868 jm.
1675 3806 1707 3871 p.
1731 3783 1894 3871 podskar-

393 3888 499 3975 biego
512 3888 660 3976 napisaa
679 3888 746 3976 aby
758 3912 804 3955 na
817 3897 851 3956 te
866 3889 1020 3977 pieohote
1038 3898 1109 3956 tam
1126 3912 1341 3974 naznaozona
1359 3891 1457 3957 kauui
1474 3891 1590 3980 placiti.
1610 3891 1732 3976 Wieci
1747 3890 1895 3977 strzelby

393 3994 563 4082 traebaby
594 4004 665 4062 tam
697 4019 736 4063 co
760 3997 831 4083 dat,
863 3997 955 4084 gdyt
978 3997 990 4062 i
1011 3997 1125 4082 jednej
1150 3996 1353 4086 hakownicy
1375 3997 1514 4084 nimasz,
1537 4021 1558 4065 a
1580 3999 1640 4065 bez
1663 4006 1743 4085 tego
1771 3999 1895 4064 trudna

395 4103 534 4172 obrona

508 4269 528 4334 ¹)
548 4265 693 4333 Rubrum,
719 4269 812 4320 zamck
831 4267 888 4337 pod
915 4267 1071 4329 Olkuszcm,·
1095 4268 1233 4322 dowodril
1255 4272 1313 4320 nim
1338 4271 1479 4322 rotmistra
1504 4268 1574 4346 krol.
1600 4266 1737 4336 Hawvylo
1759 4266 1893 4328 Holubek,

393 4356 476 4422 ktdry
499 4355 617 4409 dsiclnie
641 4356 752 4409 obronil
773 4360 814 4424 εἰς
831 4358 920 4426 prud
943 4357 1085 4428 wojskami
1102 4372 1160 4411 arc.
1179 4357 1411 4425 Maksymiliana.
1430 4357 1537 4426 Zginql
1552 4356 1680 4411 Holubck
1692 4359 1750 4426 pod
1767 4356 1893 4423 Byczynq

393 4442 496 4512 (Arch.
515 4443 546 4500 J.
565 4443 646 4498 Zam.
665 4443 794 4513 11-111;
813 4445 930 4516 Lepszy
949 4445 994 4513 K.,
1014 4444 1169 4516 Obletenie
1187 4445 1345 4512 Krokowa,
1364 4462 1386 4500 s.
1407 4446 1532 4514 53-55).

396 4729 499 4800 ¹2³⁰.
546 4729 783 4816 aaronitae,
807 4731 999 4817 sapiant·
1023 4731 1063 4801 do
1088 4731 1323 4821 zenophirus
1446 4730 1654 4817 Oiumuniec,
1677 4736 1698 4798 2
1721 4731 1776 4797 IX
1802 4734 1886 4800 1587

696 4891 829 4975 Wzywa
851 4893 1087 4976 Zamoyskiego,
1110 4895 1173 4976 aby
1193 4895 1310 4975 stanql
1322 4904 1366 4977 po
1378 4895 1456 4976 sego
1477 4895 1604 4958 stranie.

506 5055 534 5122 1)
552 5052 626 5105 Bibl.
652 5052 694 5106 laer.
724 5052 917 5107 Tammskich
941 5070 967 5105 w
991 5053 1131 5107 Dzikowie
1147 5053 1181 5107 P.
1199 5065 1220 5117 3
1238 5069 1277 5105 nr
1292 5066 1330 5107 10
1348 5054 1373 5106 k.
1392 5064 1573 5119 207-2070.
1599 5053 1768 5123 Kopian’usz
1786 5059 1892 5122 apocr.

391 5142 424 5198 X
433 5139 497 5196 Vll
505 5157 538 5194 w.
561 5141 638 5196 Tckrt
649 5144 805 5214 popnedza
819 5143 972 5211 nagldwek:
989 5141 1205 5198 Maximilianus
1222 5140 1361 5198 archidux
1380 5143 1516 5198 Austriue
1534 5141 1640 5197 Ioanni
1657 5140 1806 5196 Zamoiski
1825 5157 1892 5196 can·
