4775 6225
503 724 559 782 m

502 882 1445 972 amrmemus-ranzanus
1609 871 2031 966 salmasius

614 1064 637 1116 1,
656 1061 815 1115 Διώνη
830 1060 983 1115 Εὕαν
1001 1059 1180 1121 tvm,
1200 1060 1331 1127 Μῶμε
1352 1062 1404 1113 kar
1423 1065 1443 1111 t.
1458 1061 1752 1126 13514060-407
1772 1079 1792 1112 z
1814 1060 1945 1129 15an-
1964 1065 2031 1129 tyrs·

502 1152 570 1207 aa:
583 1150 720 1205 uberta
736 1148 849 1203 ento·
862 1148 1211 1218 anoisccnn'busdm
1242 1149 1269 1202 2
1286 1148 1362 1201 Bibl.
1375 1148 1611 1203 (labeum.
1629 1150 1690 1219 ἡ).
1708 1162 1751 1216 74
1772 1150 2029 1221 (duniq'lffl.

503 1238 806 1309 mampsis&
822 1255 838 1290 a
857 1238 1041 1306 mim
1059 1240 1130 1307 atq
1147 1251 1184 1302 27
1202 1238 1240 1307 l}
1275 1240 1301 1291 a
1321 1238 1397 1290 BibL
1417 1237 1487 1292 out
1505 1238 1655 1307 Ζειή).
1671 1240 1821 1305 nr1576
1840 1241 1870 1292 L
1890 1240 2030 1309 ΜΨ

503 1345 610 1397 cmg.
645 1330 671 1383 4
701 1327 776 1381 Bibl.
797 1326 986 1381 ossolustich
1012 1342 1052 1381 κ
1077 1327 1204 1388 ισηίι,
1232 1328 1289 1396 ἡ).
1305 1329 1393 1390 3618,
1410 1345 1433 1380 r.
1449 1340 1498 1392 35,
1525 1328 1606 1398 θρῖα
1633 1345 1647 1378 r
1673 1329 1728 1380 an
1755 1329 2028 1383 huma-siim

504 1423 518 1472 i
533 1436 556 1471 r.
578 1431 611 1482 71
630 1435 646 1470 ι
664 1418 714 1470 ast
731 1418 803 1485 rad]
819 1421 923 1470 asarta
944 1417 1098 1470 lavicis

611 1580 777 1662 Zygrnunt
798 1579 857 1642 III
878 1581 998 1660 nadajc
1019 1601 1064 1642 na
1085 1580 1198 1661 spuis
1226 1580 1473 1662 homnacyjnyn
1490 1578 1753 1661 Zanoysb'esm
1779 1580 1888 1663 kto'ry
1913 1603 1949 1645 rc
1965 1591 2028 1664 syc

504 1688 614 1771 cjalny
643 1688 752 1771 sposo'b
782 1688 913 1769 salotyl
940 1687 957 1749 i
984 1687 1185 1750 obwarowal
1211 1687 1356 1759 Zama,
1386 1688 1577 1768 dadam
1605 1688 1792 1769 pnymilq‘
1809 1689 2027 1772 podatbrvy.

511 1793 611 1859 Wiele
626 1796 748 1875 saslug
764 1793 994 1874 Zamoyskitgo
1010 1793 1218 1875 pnycsynilo
1238 1794 1287 1874 sig
1302 1795 1344 1856 do
1365 1803 1442 1875 tego.
1471 1793 1517 1858 W
1532 1794 1660 1856 chron>
1680 1795 1892 1877 wszysth'q·
1912 1796 2027 1860 Raa-

499 1902 707 1986 pcspclitq'i
736 1900 887 1965 wolnotci
909 1900 1105 1984 pospchdyck
1135 1902 1254 1984 odpad
1281 1922 1323 1963 on
1354 1923 1418 1964 arc
1449 1900 1710 1983 Makynilim
1739 1902 1793 1964 od
1833 1902 2027 1977 Kmdm·

499 2018 606 2092 potem
627 2008 756 2073 odnsiisl
775 2006 974 2089 Μαζάκου
990 2008 1060 2090 pod
1079 2007 1242 2090 Bycsynq,
1264 2010 1280 2071 i
1299 2029 1428 2090 sango
1457 2030 1522 2072 arc„
1545 2007 1829 2089 Makynilsm
1851 2032 1878 2074 e
1905 2010 2025 2074 ur'ekto'

505 2115 593 2198 tymi
623 2114 950 2198 naJ‘pmdniq'ssymi
968 2116 1047 2195 jego
1071 2114 1294 2178 stronm‘kami
1322 2115 1426 2195 mstis!
1449 2117 1491 2178 do
1522 2114 1659 2177 moli.
1689 2114 1762 2178 1210
1796 2116 1880 2198 tyck
1905 2119 2029 2197 tastu(

504 2220 670 2303 Zygmunt
689 2220 748 2284 ΙΙΙ
768 2222 889 2302 nadaje
908 2220 1098 2285 molm‘enic
1117 2221 1289 2286 Zanotcriz
1311 2242 1357 2285 na
1379 2231 1482 2303 αἶα]
1502 2222 1572 2284 lata
1594 2222 1639 2283 od
1651 2220 1843 2303 pedestre.

612 2378 850 2466 Sigismundus
881 2379 1001 2444 tertius
1033 2388 1095 2445 etc.
1128 2378 1364 2465 significamus
1396 2390 1457 2446 etc
1487 2380 1577 2466 qnod
1609 2400 1687 2446 cnm
1719 2380 2021 2448 intellexioeemus

506 2486 679 2554 civitatem
701 2486 972 2552 hmosciensem
995 2485 1039 2551 ad
1061 2484 1259 2573 Wiepmecs
1290 2487 1327 2552 in
1349 2487 1537 2574 palatinatu
1558 2487 1703 2553 Ruesire
1729 2495 1766 2552 et
1789 2496 1892 2555 tem
1917 2489 2017 2555 Chel-

508 2592 674 2661 menriab
692 2591 2016 2682 illustrietmagnificoJoannedeZamoscie(s)snpremoregnicancellnrio

506 2709 541 2767 et
555 2701 706 2788 generali
724 2700 930 2767 exercituum
949 2701 1044 2786 duce,
1057 2700 1220 2786 Belseusi
1233 2700 1530 2788 llariseburgensi,
1547 2701 1793 2787 Knyszynensi
1807 2711 1845 2768 et
1857 2702 2013 2788 Miedsy·

507 2808 677 2875 rzecsensi
708 2807 884 2896 capitaneo
914 2830 1023 2897 nuper
1054 2808 1236 2893 conditam,
1267 2830 1338 2876 non
1359 2809 1494 2896 vulgnri
1520 2809 1633 2896 aliquo
1664 2818 1699 2875 et
1720 2809 1852 2877 usitato
1886 2811 1926 2876 in
1949 2810 2011 2875 hoc

506 2936 614 3003 regno
637 2915 864 2983 constituendi
887 2937 976 2983 nova
998 2917 1125 3005 oppida
1146 2938 1249 3001 more,
1271 2938 1390 2984 verum
1421 2917 1663 3005 praestantiore
1695 2917 1846 3003 quadam
1878 2918 2010 2984 ratione

507 3023 726 3092 constitutam
744 3045 827 3111 esse,
845 3024 1035 3112 habereque
1056 3024 1261 3091 munitiones
1284 3023 1332 3091 its
1354 3023 1538 3111 inchoatas,
1555 3034 1594 3092 ut
1611 3024 1654 3091 ad
1673 3046 1801 3091 novam
1814 3035 1851 3091 et
1869 3026 2008 3093 nonita

506 3130 638 3220 pridem
660 3132 835 3199 inventam
857 3155 897 3199 sc
919 3132 956 3198 iu
978 3132 1179 3218 quibusdam
1202 3140 1335 3198 tantum
1357 3132 1599 3219 insignioribus
1622 3140 1841 3199 externarum
1863 3133 2006 3220 provin·

507 3238 634 3305 ciarum
656 3239 795 3306 urbibus
819 3247 877 3305 aut
899 3239 982 3306 locis
1004 3247 1202 3327 usurpatam
1220 3239 1394 3305 muniendi
1412 3261 1566 3306 normam
1589 3261 1648 3305 eae
1666 3239 1737 3304 sint
1754 3240 2006 3322 accomodatas,

506 3366 648 3432 cumque
685 3355 857 3434 praeterea
893 3345 1117 3434 peculiaribus
1154 3346 1257 3412 etiam
1293 3368 1313 3412 a
1350 3346 1430 3412 divo
1467 3347 1723 3434 praedecmore
1759 3355 1881 3412 nostro
1924 3368 2004 3430 rege

509 3452 681 3540 Stephano
714 3453 959 3540 praerogativis
992 3475 1065 3519 eam
1097 3460 1270 3539 tamquam
1302 3476 1368 3519 non
1402 3454 1541 3540 vulgare
1573 3453 1707 3539 aliquod
1746 3454 1923 3540 oppidum,
1948 3453 2004 3518 sed

507 3563 647 3629 cacteris
670 3563 741 3628 eius
766 3563 899 3649 generis
924 3563 1089 3649 insignius
1118 3563 1268 3628 dotatam
1292 3563 1460 3646 sciremus,
1485 3562 1750 3628 existimavimus
1783 3584 1847 3628 nos
1871 3586 2005 3649 quoque

506 3670 577 3736 eius
601 3670 785 3736 rationibus
809 3680 843 3735 et
866 3670 1080 3736 incrementis
1104 3692 1172 3736 non
1196 3670 1317 3736 debere
1340 3671 1464 3753 deesse,
1488 3693 1564 3736 cum
1588 3670 1630 3736 ob
1663 3670 1799 3735 easdem
1833 3670 1918 3736 istus
1943 3694 2004 3753 res,

507 3786 578 3843 tum
602 3800 670 3843 non
694 3778 803 3843 minus
828 3777 929 3842 etiam
954 3777 1073 3842 merita
1096 3778 1347 3843 commemorati
1371 3777 1511 3842 illustris
1535 3787 1568 3842 et
1592 3776 1769 3862 magnifici
1788 3776 1813 3842 J
1814 3778 1938 3842 oannis
1963 3778 2003 3842 de

509 3884 691 3967 Zamosoie,
715 3884 771 3970 qui
795 3884 887 3949 illam
911 3885 944 3948 iu
970 3885 1076 3949 fundo
1100 3906 1160 3950 suo
1184 3883 1408 3950 haereditario
1432 3884 1591 3967 condidit,
1616 3906 1700 3969 quae
1723 3893 1819 3948 tanta
1848 3885 2004 3969 equidem

507 4001 594 4076 sunt,
617 4002 655 4057 ut
678 3992 859 4078 singularis
888 4014 1002 4058 eorum
1026 3992 1111 4057 ratio
1134 3991 1251 4059 haberi
1274 4015 1407 4079 semper
1430 3992 1560 4058 debeat:
1586 4014 1664 4057 nam
1687 4000 1725 4056 ut
1743 4000 2004 4078 praetereamus,

508 4120 592 4184 quae
616 4098 685 4163 divi
711 4099 920 4184 sigismundi
940 4099 1086 4183 Augusti
1106 4099 1263 4164 avunculi
1282 4100 1389 4165 nostri
1413 4109 1564 4185 tempore
1583 4108 1617 4163 et
1635 4120 1720 4183 quae
1734 4098 1814 4164 divo
1830 4098 2003 4186 Stephano

508 4213 671 4290 regnante
694 4205 736 4271 ab
760 4227 798 4271 eo
825 4205 984 4292 praestita
1007 4205 1152 4289 fuerunt,
1172 4213 1205 4270 et
1225 4206 1391 4291 quomodo
1410 4206 1490 4270 item
1511 4205 1615 4292 ipsius
1635 4205 1783 4288 consilio,
1803 4205 2003 4271 dexteritate

508 4333 662 4398 scopora
685 4321 719 4377 et
733 4312 768 4376 in
782 4312 946 4399 susceptis
962 4311 1130 4379 laboribus
1146 4312 1347 4378 militaribus
1363 4312 1621 4399 perseverantia,
1636 4334 1704 4378 non
1718 4311 1820 4378 modo
1835 4313 2002 4400 amplissi-

507 4440 582 4484 mae
605 4420 768 4504 queedam
793 4420 993 4506 provinciae,
1017 4443 1055 4485 sc
1079 4420 1223 4485 Livonia
1251 4420 1426 4507 imprimis,
1449 4444 1489 4486 ex
1513 4420 1644 4486 Moschi
1677 4419 1831 4486 manibus
1865 4443 2002 4508 recupe-

507 4534 598 4591 ratae
622 4526 766 4610 fuerunt,
791 4548 907 4591 verum
931 4527 1015 4591 aliae
1048 4527 1148 4592 etiam
1181 4529 1361 4593 nonnullae
1390 4536 1502 4615 partes
1526 4536 1560 4592 et
1583 4527 1786 4614 reipublicae
1814 4527 2003 4611 adiunctae,

508 4632 727 4719 restitutaque
751 4633 877 4698 nomini
902 4634 1056 4719 polonico
1081 4634 1259 4699 observata
1282 4634 1349 4700 iam
1373 4635 1518 4721 quodam
1542 4635 1642 4700 modo
1665 4634 1700 4699 in
1724 4634 1824 4699 rebus
1848 4634 2002 4701 militari·

507 4739 568 4805 bus
593 4740 683 4805 fame
706 4763 745 4806 sc
768 4740 978 4806 existimatio.
1009 4741 1096 4806 Illud
1120 4752 1234 4807 tamen
1257 4742 1348 4809 nullo
1372 4743 1472 4808 modo
1496 4743 1677 4829 praeterire
1710 4763 1902 4828 possumus,
1927 4765 2002 4808 cum

509 4846 572 4912 hoc
598 4847 748 4933 proximo
773 4848 944 4934 superiore
967 4857 1118 4934 tompore
1142 4849 1238 4915 nobis
1263 4859 1340 4936 post
1363 4849 1613 4915 serenissimum
1646 4871 1761 4934 regem
1791 4847 2003 4936 Stephanum

510 4953 542 5016 iu
568 4977 680 5036 rogem
705 4954 828 5037 electis,
853 4955 1003 5020 nonnulli
1028 4955 1293 5021 illustrissimum
1317 4955 1531 5021 archiducem
1555 4955 1712 5020 Austriae
1736 4956 2001 5022 Maximilianum

509 5068 625 5124 contra
658 5062 806 5126 omnium
841 5062 1046 5126 voluntatem
1080 5061 1175 5127 nobis
1209 5063 1446 5149 opposuissent
1479 5072 1512 5126 et
1545 5063 1580 5126 in
1612 5085 1754 5148 regnum
1788 5062 1831 5127 ad
1864 5064 2004 5151 ipsaque
