4775 6225
447 716 501 771 ree

445 880 476 949 7.
515 879 704 951 rurscam
728 878 845 949 tubal
869 878 910 951 ta
934 879 1169 968 tenerrrima
1574 880 1727 964 Padwa,
1759 885 1806 949 16
1831 881 1851 946 Ι
1879 883 1965 948 1588

552 1094 839 1178 Usprawiedliwia
860 1095 916 1176 sig,
947 1094 1095 1175 dlacaegu
1127 1094 1181 1159 κίε
1200 1095 1330 1178 spotkal
1351 1095 1401 1178 si(
1421 1118 1441 1160 a
1462 1094 1685 1178 Zamoyskim.
1726 1096 1966 1162 Pnedstawia

442 1204 541 1285 swoje
561 1201 736 1283 caynnorci.
760 1201 878 1265 Doszlo
893 1222 948 1281 go,
965 1209 1002 1265 te
1023 1201 1199 1282 Zamoyski
1208 1202 1280 1283 jest
1300 1202 1560 1285 nieaadowolony
1580 1204 1798 1286 apewnych
1824 1205 1967 1288 κηρόν

433 1311 512 1391 jegv
534 1309 642 1372 daida
668 1318 701 1391 p.
725 1317 746 1371 t.
770 1308 943 1372 Moscovia.
978 1308 1104 1373 Geneaa
1135 1318 1205 1390 tege
1226 1309 1342 1374 driela.
1377 1309 1571 1393 Odpowiedt
1594 1332 1642 1374 na
1661 1311 1799 1393 pism
1832 1312 1968 1377 Wolana

443 1417 674 1497 idasickiego.
706 1416 887 1481 Kcrektara
918 1416 1159 1481 Heidensteina.
1191 1418 1289 1481 Prosi
1308 1418 1537 1499 Zamoyskiegv
1562 1439 1580 1482 0
1606 1419 1743 1500 uwagi
1767 1441 1806 1483 w
1830 1420 1970 1503 sprawis

444 1525 561 1599 driela,
583 1525 670 1588 ktc‘n
691 1524 878 1606 uwaglfdni
898 1546 930 1588 w
953 1525 1104 1606 dalsaych
1131 1525 1334 1607 wydaniach.
1370 1525 1660 1608 Usprawiedliwia
1683 1526 1745 1609 sig
1769 1528 1911 1592 samba
1938 1549 1971 1591 ae

443 1651 547 1712 ποιεῖν
569 1631 683 1695 driela.
709 1630 738 1696 0
760 1651 863 1713 noym
899 1631 1044 1695 eddam
1076 1631 1211 1696 krdlowt'
1239 1632 1256 1695 i
1283 1632 1515 1714 Zygmuntowi
1542 1632 1741 1697 Batoremu.
1787 1635 1971 1717 Pelm’q'su

444 1740 646 1803 komentarae
668 1760 723 1802 ma
745 1759 777 1801 w
800 1738 959 1821 rfkopt'sie.
986 1738 1127 1821 Sprawy
1149 1739 1261 1821 religii
1281 1740 1459 1821 aym-kat.
1482 1760 1515 1804 w
1536 1739 1844 1821 Siedmiogrodaie
1866 1743 1884 1805 i
1898 1751 1967 1825 pm

438 1847 597 1929 pagandy
618 1867 649 1909 w
671 1845 815 1928 Saweq‘i¹
838 1845 1024 1926 Irrjlantach
1048 1846 1063 1909 i
1083 1846 1265 1911 Finlandii.

552 2041 576 2092 1.
604 2037 761 2092 Archiwum
779 2036 894 2091 Zakonu
923 2036 954 2090 0.
969 2036 1000 2090 0.
1028 2035 1167 2099 chuitde
1184 2054 1210 2090 w
1228 2038 1345 2106 Rzymic.
1376 2037 1442 2109 Opp.
1461 2037 1544 2092 Ν.Ν.
1561 2050 1618 2102 332
1637 2041 1664 2096 k.
1686 2054 1801 2106 9-10
1822 2059 1849 2095 c.
1880 2042 1971 2113 Kapsa

443 2128 632 2200 wspdlczma.
650 2127 699 2182 Na
717 2127 778 2181 dole
794 2128 819 2180 k.
839 2141 859 2192 9
876 2127 991 2196 rapiska
1010 2129 1080 2196 iuna
1098 2128 1177 2198 reka:
1196 2126 1294 2183 Ill-mo
1312 2127 1348 2181 D.
1367 2128 1414 2183 Jc.
1434 2128 1595 2182 Zamoscio.
1632 2128 1660 2183 2.
1692 2130 1783 2183 Bibl.
1805 2131 1966 2194 Κάναθα,

443 2217 602 2288 rkp.1539‚
628 2218 708 2287 kopia
735 2216 923 2287 wrpdlcaesna,
951 2215 997 2268 bez
1009 2217 1137 2285 pedania
1155 2218 1295 2271 adresata.
1332 2218 1357 2272 3.
1387 2215 1544 2271 Archim
1567 2216 1788 2285 Walykariskie,
1816 2219 1970 2288 Bergine,

443 2305 504 2368 III,
527 2318 593 2372 72a,
612 2308 734 2359 rukcmo
751 2323 767 2358 z
785 2307 851 2373 daly
868 2306 907 2359 26
925 2304 943 2358 I
960 2305 1038 2369 1588
1062 2305 1155 2372 (mimo
1179 2306 1384 2373 kilkakrolnych
1401 2307 1503 2360 starari
1521 2311 1568 2360 nic
1585 2307 1786 2361 odnaleriono
1812 2310 1857 2380 tej
1874 2311 1969 2380 kopir).

551 2488 572 2565 †
594 2483 705 2568 Jesus,
727 2482 842 2548 Maria.
858 2482 969 2548 Ill-me
992 2483 1083 2548 D·ne
1106 2482 1198 2548 D·ne
1220 2483 1256 2547 in
1279 2481 1414 2549 Christo
1422 2482 1605 2570 plurimum
1614 2482 1857 2553 observanda
1875 2486 1970 2567 Quae

444 2589 676 2657 interciderint
707 2612 834 2671 causae,
862 2611 921 2656 cur
953 2590 1038 2656 mihi
1069 2590 1105 2655 in
1128 2579 1305 2657 Poloniam
1337 2596 1457 2674 (annus
1480 2598 1544 2673 est)
1574 2590 1748 2678 redeunti,
1787 2601 1854 2660 aut
1886 2594 1968 2661 iude

444 2698 588 2782 exeunti,
611 2720 679 2764 non
702 2698 834 2764 licuerit
856 2706 1026 2785 praestare
1049 2720 1126 2764 cum
1148 2698 1189 2764 D.
1212 2699 1252 2765 V.
1275 2698 1389 2765 Ill-ma
1422 2697 1575 2764 officium
1603 2719 1730 2784 meum,
1758 2701 1852 2767 satis
1889 2702 1965 2790 ipsa

444 2815 595 2895 tempora
609 2805 850 2873 indicavenmt
864 2806 916 2872 Ac
929 2828 1099 2873 rev-mum
1117 2805 1253 2892 quidem
1275 2805 1566 2872 Praemisliensem
1580 2809 1610 2889 ¹),
1629 2827 1708 2872 cum
1733 2808 1902 2894 primum
1920 2809 1956 2875 in

443 2914 602 3000 Regnum
634 2913 806 2999 ingressus
829 2934 1044 3000 properarem
1076 2912 1112 2977 in
1135 2912 1310 2978 Prassiam
1333 2912 1376 2977 ad
1409 2912 1547 2999 negotia
1579 2912 1853 2981 seminariorum
1889 2923 1959 2981 sta·

444 3021 612 3104 tuendae,
635 3019 811 3086 certiorem
842 3019 910 3086 feci
941 3019 983 3085 iis
1016 3019 1058 3085 de
1089 3019 1198 3103 rebus,
1230 3040 1313 3106 quas
1345 3018 1504 3085 mandato
1536 3019 1650 3085 ser-mi
1683 3040 1724 3085 ac
1761 3031 1959 3109 perpetuae

444 3129 623 3195 memoriae
646 3128 737 3215 regis
761 3127 925 3215 Stephani
957 3150 1224 3215 procuraveram
1258 3127 1350 3208 Quae
1381 3128 1515 3214 quando
1548 3127 1642 3194 obitu
1675 3127 1770 3194 illius
1805 3130 1956 3217 optimis

443 3235 597 3302 omnibus
621 3234 835 3302 acerbissimo
868 3234 1003 3300 fuerant
1035 3234 1249 3321 interceptae,
1273 3256 1337 3320 ego
1360 3255 1442 3300 vero
1473 3257 1542 3300 non
1574 3241 1728 3321 poteram
1764 3236 1954 3303 demortuo

443 3343 554 3408 varias
586 3343 778 3429 principum
810 3341 939 3407 litteras
972 3342 1124 3424 reddere,
1157 3341 1311 3408 volebam
1345 3341 1478 3407 easdem
1500 3340 1541 3408 V.
1565 3341 1604 3405 D.
1628 3340 1768 3407 Ill-mae
1801 3343 1952 3409 tradere

445 3450 512 3516 Sed
535 3450 605 3515 eius
628 3450 664 3513 in
687 3449 809 3515 Russia
833 3449 1068 3532 demoratione,
1092 3471 1167 3514 cum
1200 3449 1350 3514 nondum
1375 3448 1571 3535 appetiisset
1598 3456 1732 3534 tempus
1759 3448 1950 3536 deligendo

444 3579 532 3622 novo
556 3557 629 3643 regi
653 3557 833 3641 decretum,
858 3566 891 3621 et
909 3556 1034 3621 festina
1053 3555 1247 3622 evocatione
1266 3555 1332 3620 mei
1355 3578 1373 3620 e
1405 3555 1542 3620 Prussia
1565 3555 1693 3620 fectum
1715 3565 1778 3640 est,
1797 3579 1845 3622 ne
1867 3558 1949 3644 quid

444 3663 580 3728 incertis
616 3663 791 3728 itineribus
829 3670 981 3749 putarem
1019 3685 1091 3728 esse
1128 3662 1415 3736 committendum,
1438 3661 1625 3727 firmiorem
1661 3683 1776 3726 rerum
1815 3671 1947 3729 statum

444 3779 632 3858 expectans.
656 3772 790 3835 Interea
812 3792 891 3835 vero
916 3793 990 3836 oum
1016 3770 1070 3834 hic
1094 3769 1328 3853 substitissem,
1349 3769 1483 3834 easdem
1502 3769 1630 3833 litteras
1655 3767 1732 3833 dedi
1757 3790 1783 3833 r.
1808 3791 1843 3855 p.
1871 3770 1944 3836 Ste-

444 3876 550 3942 nislao
575 3876 804 3959 Varseuiciol)
832 3899 872 3941 ex
897 3876 988 3942 Urbe
1011 3875 1203 3958 revertenti,
1226 3882 1264 3939 ut
1287 3874 1387 3940 isthic
1410 3875 1498 3961 apud
1523 3875 1562 3940 D.
1577 3874 1617 3939 V.
1641 3874 1791 3939 Ill-mam
1826 3876 1943 3962 potius

444 3993 556 4049 essent
579 3993 680 4049 testes
705 3985 827 4049 amoris
852 3993 885 4049 et
908 3984 1140 4050 observantiae
1159 4005 1274 4049 eorum
1293 3982 1494 4070 principum,
1514 4004 1596 4068 quos
1616 3981 1722 4047 insui
1742 3983 1942 4050 admiratio-

444 4113 521 4156 nem
544 4113 687 4175 magnus
711 4092 766 4156 ille
790 4113 847 4156 rex
871 4090 1029 4177 rapiebat.
1062 4091 1206 4175 Reliqua
1229 4098 1350 4175 autem,
1375 4111 1459 4175 quae
1482 4090 1524 4154 ad
1548 4090 1621 4177 ipsa
1645 4094 1784 4174 negotia
1807 4102 1939 4177 specta·

444 4198 533 4281 bant,
557 4219 632 4263 cum
657 4198 723 4262 iam
748 4197 945 4283 attingenda
968 4219 1036 4262 non
1060 4197 1137 4281 sint,
1161 4219 1200 4262 ea
1223 4197 1335 4284 potius
1359 4218 1470 4282 egere,
1494 4218 1578 4281 quae
1606 4217 1793 4262 maerorem
1827 4198 1940 4262 animo

444 4327 517 4369 meo
541 4303 770 4391 aspersissent,
794 4304 859 4369 nisi
891 4305 1059 4391 aequitate
1090 4305 1196 4391 ipsius
1221 4326 1260 4369 ao
1292 4303 1497 4369 conscientia
1529 4325 1603 4368 mea
1634 4302 1743 4368 fretus
1778 4325 1938 4390 praesen·

444 4412 561 4477 sissem
585 4411 771 4497 liquidioris
804 4411 931 4498 aliquid
962 4412 1056 4495 lucis,
1080 4434 1180 4497 quam
1213 4412 1298 4477 solet
1321 4411 1436 4477 divina
1459 4411 1624 4497 sapientia
1647 4433 1686 4475 ex
1711 4409 1810 4476 istius
1846 4412 1938 4478 modi

444 4518 615 4583 collisione
637 4525 733 4602 (quae
757 4518 871 4584 forsan
895 4519 987 4584 nulla
1008 4518 1087 4599 fuit)
1110 4518 1236 4583 elicere.

550 4626 595 4689 Et
618 4625 759 4690 relatum
782 4632 833 4689 est
856 4626 945 4690 enim
970 4625 1061 4709 mihi,
1085 4648 1185 4712 aegre
1208 4625 1324 4691 tulisse
1349 4625 1386 4690 V.
1411 4625 1450 4690 D.
1474 4625 1631 4707 ill-mam,
1656 4624 1745 4708 quod
1771 4626 1937 4710 quaedam

444 4732 479 4796 in
502 4731 709 4797 Moscoviam
733 4736 869 4814 meam‘)
883 4732 1088 4816 inserverim,
1109 4754 1193 4818 quae
1212 4732 1323 4798 omitti
1342 4733 1543 4816 debuissent,
1558 4732 1719 4798 nonnulla
1733 4733 1937 4815 reticuerim,

444 4860 527 4924 quae
560 4844 747 4925 potuissent
780 4839 854 4905 dici.
886 4840 926 4904 Id
951 4840 1049 4925 quod,
1073 4840 1101 4904 si
1125 4841 1171 4905 ita
1205 4846 1264 4922 est,
1297 4839 1434 4905 obsecro
1467 4861 1573 4926 pauca
1605 4837 1687 4903 haec
1711 4838 1747 4902 in
1772 4840 1936 4926 optimam

444 4954 573 5031 partem
606 4946 755 5031 accipiat.
790 4946 1037 5011 Commentaria
1070 4946 1126 5011 illa
1149 4969 1224 5012 mea
1247 4947 1314 5011 alto
1347 4946 1435 5032 apud
1464 4968 1518 5010 me
1542 4944 1674 5010 silentio
1707 4944 1935 5030 quiescebant,

445 5073 528 5136 quae
551 5060 584 5117 et
603 5075 702 5139 saepe
725 5053 923 5138 urgentibus
946 5053 1114 5140 primariis
1135 5053 1216 5119 viris
1237 5054 1468 5140 Gregorioque
1487 5052 1576 5117 XIlI
1595 5059 1730 5117 sanotae
1753 5054 1937 5119 memoriae
