4775 6225
506 721 559 798 ln·

505 905 603 991 xeris,
634 913 672 971 ut
704 901 817 971 onmia
848 895 965 971 officia
996 915 1077 990 erga
1104 911 1138 970 te
1160 923 1281 990 resque
1303 909 1387 989 tuas,
1411 915 1472 992 pro
1495 910 1554 969 tua
1577 887 1744 990 dignitate
1766 899 1997 971 conservanda

505 1022 540 1079 et
558 1013 720 1100 augenda,
739 1035 758 1078 a
776 1012 873 1079 nobis
891 1019 1066 1100 expectare
1084 1013 1204 1099 possis,
1227 1034 1312 1099 quae
1330 1012 1444 1078 omnia
1460 1011 1594 1099 longius
1619 1012 1787 1099 intelliges
1807 1035 1827 1078 a
1845 1014 1964 1079 nuntio
1979 1020 2002 1093 ¹)

506 1143 605 1208 quem
623 1143 663 1187 eo
681 1121 854 1205 mittimus,
872 1128 911 1185 ut
928 1128 1044 1186 nostro
1062 1119 1199 1186 nomine
1216 1142 1256 1185 ea
1273 1128 1404 1202 tractet,
1428 1141 1513 1206 quae
1530 1120 1603 1207 ipse
1626 1118 1687 1185 tibi
1706 1120 1815 1185 fusius
1839 1129 1995 1208 exponet3

505 1229 569 1313 fac,
587 1237 625 1295 ut
643 1228 674 1295 ei
691 1228 798 1295 fidem
816 1228 985 1313 adhibeas,
1004 1249 1104 1314 quam
1122 1227 1219 1293 nobis
1243 1227 1325 1313 ipsis
1349 1227 1379 1293 ei
1401 1236 1435 1292 te
1458 1248 1572 1293 coram
1594 1227 1845 1314 alloqueremur.
1868 1228 1992 1294 Datum

507 1336 544 1402 in
566 1335 660 1422 regia
682 1342 798 1401 nostra
820 1334 891 1400 divi
914 1333 1088 1401 Laurentii
1111 1334 1193 1400 aede
1217 1337 1258 1401 27
1283 1334 1407 1400 mensis
1432 1334 1545 1399 Martii
1568 1355 1657 1400 anno
1680 1333 1819 1401 Domini
1845 1337 1939 1404 1587.

614 1589 634 1654 ⁸)
658 1585 784 1639 Willulm
802 1587 833 1639 di
850 1585 910 1640 San
931 1584 1073 1648 Clemente,
1087 1584 1166 1654 posci
1181 1583 1342 1654 kisspanski
1354 1601 1380 1636 w
1393 1583 1512 1646 Pradsc,
1531 1583 1576 1651 hyl
1585 1584 1735 1655 prarslany
1753 1602 1768 1638 z
1788 1587 1870 1657 mujq
1888 1603 1913 1637 w
1932 1602 1997 1640 cza-

504 1679 545 1729 sie
562 1674 655 1747 clckcji
672 1677 707 1728 do
725 1675 914 1743 Zanoyskicgo
932 1674 1107 1743 (Schweizer
1124 1673 1163 1742 J,
1181 1673 1237 1728 Die
1256 1673 1552 1728 Suhzessionswirren
1565 1677 1690 1743 passim).

509 2068 606 2139 ¹2¹⁰.
651 2068 787 2138 lonltal
810 2087 828 2137 r
853 2067 951 2155 taoul
976 2066 1017 2138 lo
1040 2066 1274 2155 Zamoyatlouo
1533 2067 1736 2152 Warszawe,
1760 2067 1879 2135 27111
1906 2071 2001 2136 1587.

838 2302 937 2375 Wita,
959 2323 991 2365 w
1008 2303 1141 2384 pelnym
1158 2300 1351 2383 pochlebstw
1375 2300 1471 2374 litet,
1493 2300 1670 2365 waleno.

613 2548 638 2586 1.
657 2532 813 2586 Archinum
838 2531 1036 2601 Watykanskie,
1061 2529 1183 2585 Palania
1207 2532 1246 2586 28
1262 2533 1286 2584 k.
1307 2544 1352 2597 15.
1380 2530 1461 2599 Oryg.
1487 2548 1503 2584 n
1525 2530 1753 2598 nlamorfcanyn
1766 2533 1913 2601 podpiscn.
1932 2531 2001 2584 Lis!

506 2628 551 2677 ten
569 2625 615 2675 nie
632 2620 724 2675 zostal
739 2623 887 2675 midranis
906 2622 1281 2690 dorpcnonylanoysks'enu.
1300 2634 1325 2674 2.
1343 2621 1407 2674 Talei
1420 2637 1501 2688 rsym.
1521 2619 1582 2673 Pol.
1597 2621 1685 2674 Akad.
1704 2620 1764 2675 Um.
1784 2637 1822 2673 nr
1833 2633 1873 2686 45
1886 2626 2001 2691 excerpt.

615 2836 727 2903 ill-me
748 2835 838 2901 D·ne
861 2835 1173 2902 observandissime.
1901 2892 1904 2897 .

613 2943 748 3010 Amoris
773 2951 807 3008 et
828 2943 1082 3009 benevolentiae
1105 2964 1323 3029 quaecunque
1345 2950 1502 3030 poterant
1524 2942 1706 3009 desiderari
1729 2952 1938 3029 argumenta,
1961 2964 2001 3009 ea

508 3051 621 3119 omnia
652 3050 819 3118 uberrime
851 3050 993 3118 contulit
1024 3050 1064 3117 D.
1097 3050 1219 3117 Vestra
1241 3051 1357 3117 Ill-ma
1378 3050 1415 3115 in
1437 3072 1493 3116 eas
1516 3050 1654 3135 litteras,
1678 3071 1760 3137 quas
1783 3050 1935 3138 proxime
1958 3051 2000 3117 ad

506 3181 560 3226 me
592 3159 693 3226 dedit.
726 3158 816 3225 Sane
847 3158 947 3224 video
979 3158 1050 3224 iure
1082 3157 1298 3225 meritissimo
1327 3180 1401 3224 eam
1433 3157 1498 3224 coli
1521 3165 1556 3224 et
1577 3157 1748 3224 observari
1772 3157 1814 3224 ab
1837 3158 2000 3243 omnibus,

506 3287 583 3332 cnm
614 3266 663 3332 ita
694 3272 792 3350 amet,
823 3271 862 3330 ut
893 3287 962 3331 non
989 3264 1094 3330 amari
1117 3265 1159 3330 ab
1182 3263 1225 3330 iis
1249 3286 1332 3350 quos
1356 3264 1477 3351 diligit,
1500 3264 1597 3331 nefas
1621 3264 1673 3330 eit.
1707 3263 1799 3343 Quae
1822 3286 1884 3331 vos
1907 3265 2001 3349 facit,

506 3381 545 3440 ut
567 3397 644 3440 curn
666 3396 686 3439 a
709 3373 819 3460 prima
840 3394 948 3460 usque
970 3371 1194 3438 adolescentia
1208 3375 1231 3446 ¹)
1262 3393 1393 3438 summo
1416 3371 1508 3438 illam
1531 3372 1567 3437 in
1590 3371 1717 3438 honore
1739 3371 1863 3437 habere
1885 3393 2001 3459 coepe-

507 3481 571 3546 rim
594 3480 706 3546 studio
729 3480 886 3546 incensus
909 3480 1073 3545 virtutum
1097 3501 1241 3563 suarum,
1264 3501 1354 3543 nunc
1378 3479 1542 3564 singulari
1565 3478 1785 3544 humanitatis
1809 3501 1889 3544 suae
1910 3479 2002 3544 facta

507 3588 686 3671 occasione,
719 3587 898 3675 praecipuo
931 3609 985 3652 me
1008 3585 1057 3651 illi
1081 3586 1226 3671 quodem
1249 3586 1321 3651 iure
1349 3586 1544 3650 addixerim.
1566 3586 1630 3650 Est
1652 3585 1742 3650 enim
1765 3585 1901 3651 virtutis
1925 3608 2001 3651 cum

507 3694 714 3760 humanitate
733 3695 930 3760 coniunctae
948 3693 999 3758 ius
1019 3700 1122 3777 tanta
1144 3700 1183 3757 ut
1207 3714 1289 3778 quos
1313 3692 1349 3756 in
1372 3692 1424 3757 sui
1447 3691 1703 3759 admirationem
1727 3692 1830 3758 semel
1852 3692 2000 3775 traxerit,

507 3801 642 3867 eosdem
674 3810 790 3889 postea
823 3800 918 3887 quasi
941 3799 1108 3888 peculiare
1131 3799 1258 3885 aliquid
1282 3798 1346 3865 sibi
1368 3799 1519 3865 vindicet
1541 3808 1641 3885 atque
1663 3808 1802 3887 usurpet
1824 3799 1860 3864 in
1882 3820 1999 3886 perpe·

507 3917 610 3974 tuum.
635 3907 731 3987 Quod
749 3908 886 3973 unicum
904 3907 940 3973 in
958 3907 1148 3995 praesentia
1166 3907 1268 3972 velim
1287 3929 1360 3973 esse
1378 3907 1608 3973 testimoninm
1631 3928 1781 3972 summae
1803 3927 1896 3972 meae
1919 3927 2001 3991 erga

506 4015 548 4081 D.
571 4015 728 4081 Vestram
750 4016 900 4080 Ill-mam
922 4013 1164 4098 observantiae,
1187 4022 1226 4079 ut
1248 4036 1325 4079 cum
1348 4037 1415 4080 una
1437 4015 1571 4099 erimus,
1594 4037 1637 4080 ne
1660 4022 1831 4101 tamquam
1854 4013 1918 4079 sibi
1942 4012 1996 4078 de·

507 4123 668 4208 vinctum,
700 4130 734 4189 et
766 4123 1007 4211 complectatur
1048 4122 1214 4188 amantius
1247 4131 1281 4188 et
1312 4123 1427 4188 foveat
1459 4121 1649 4189 studiosius.
1683 4123 1809 4189 D·nem
1840 4121 1998 4186 Vestram

507 4231 653 4298 ill-mam
671 4231 756 4297 bene
774 4232 887 4297 valere
910 4231 1008 4319 cupio
1032 4239 1066 4297 et
1088 4239 1126 4295 ut
1149 4229 1198 4295 illi
1222 4229 1335 4296 omnia
1357 4252 1398 4296 ex
1421 4230 1589 4297 sententia
1611 4231 1741 4314 cedant,
1765 4250 1891 4318 precor.
1914 4228 1997 4293 Var-

508 4337 621 4404 soviae
643 4338 784 4404 XXVII
807 4338 920 4403 Martii
942 4336 1230 4403 MDLXXXVH„

614 4446 721 4511 D-ne
744 4446 939 4511 Vestrae
961 4444 1145 4510 Ill-mae
1169 4444 1494 4510 deditissimus
1519 4453 1562 4509 et
1586 4445 1638 4510 ad
1661 4444 1810 4509 omnia
1832 4443 2003 4509 officia

509 4552 838 4639 paratissimus
870 4551 1072 4618 Annibal
1105 4551 1155 4617 de
1188 4551 1340 4638 Capua
1371 4551 1758 4639 archiepiscopus
1791 4550 2001 4638 Neapoli-

508 4667 652 4725 tanus

617 4931 636 4996 ¹)
658 4927 716 4989 Jak
740 4944 755 4979 n
782 4931 840 4993 tego
865 4928 956 4980 widac‘
978 4926 1104 4980 Annibal
1122 4926 1226 4980 marial
1242 4930 1282 4994 sig
1299 4928 1445 4996 zetknqc‘z
1464 4927 1632 4994 Zamoyskim
1651 4944 1676 4978 ro
1695 4926 1810 4980 Panna
1827 4944 1853 4983 ta
1871 4942 1894 4978 r.
1915 4929 1999 4991 1563,

507 5019 582 5086 kicdy
600 5021 644 5070 ten
663 5033 688 5068 w
707 5015 725 5068 l.
745 5017 851 5081 1563l4
878 5015 922 5084 hyl
945 5017 1076 5069 rcktorcm
1096 5018 1276 5086 prawniko'w,
1305 5014 1364 5077 Jak
1388 5020 1488 5082 wiemy,
1507 5015 1619 5069 siukai
1635 5019 1766 5070 wotoczas
1783 5014 1910 5068 Annibal
1926 5016 2002 5067 nauh

502 5106 706 5181 filonoficsnycl
726 5105 849 5175 (Nanke,
868 5104 891 5159 Z
911 5105 1034 5176 dziejbw
1053 5105 1178 5178 polityki
1197 5105 1271 5159 knrii
1289 5106 1459 5178 rzymslriej,
1477 5124 1500 5160 s.
1522 5109 1574 5175 11).
