4775 6225
497 785 550 843 100

494 948 620 1016 tionem
638 948 795 1017 Vestram
814 970 980 1037 rogamus,
1003 959 1041 1017 ut
1059 946 1088 1017 si
1112 973 1197 1039 quae
1219 960 1336 1019 contra
1358 973 1420 1020 nos
1443 957 1580 1040 tentata,
1603 969 1665 1042 per
1687 971 1765 1022 suos
1789 950 1988 1025 convinctos

493 1056 660 1141 resciscat,
692 1080 732 1123 ea
758 1078 829 1143 nos,
860 1059 915 1124 vel
937 1058 1034 1125 nobis
1057 1058 1260 1145 absentibus,
1282 1068 1415 1127 nostros
1438 1083 1508 1128 non
1530 1063 1644 1148 caelet,
1667 1084 1733 1149 quo
1756 1063 1822 1129 illis
1846 1063 1882 1129 in
1905 1074 1986 1131 tem-

492 1185 575 1251 pore
606 1164 743 1231 obviare
775 1166 951 1254 possimus,
978 1166 1149 1254 amiceque
1172 1171 1215 1234 ab
1238 1190 1278 1234 ea
1300 1169 1456 1256 petimus,
1478 1177 1517 1235 ut
1540 1178 1704 1257 quantum
1726 1180 1847 1258 potest,
1870 1181 1988 1239 nostra

494 1272 640 1359 negotia,
671 1274 722 1340 uti
744 1273 906 1341 haetenus
930 1274 1050 1363 coepit,
1077 1297 1276 1363 promovere
1297 1284 1427 1365 pergat,
1455 1279 1646 1366 nostrisque
1668 1280 1883 1346 internuntiis
1908 1301 1987 1367 quo·

492 1379 688 1468 tiescunque
719 1382 761 1449 ab
788 1381 871 1470 ipsis
899 1383 1111 1471 interpellata
1133 1392 1168 1450 et
1189 1385 1351 1471 requisita
1372 1386 1485 1472 fuerit,
1507 1386 1656 1473 consilio,
1679 1410 1790 1476 opera,
1813 1398 1847 1455 et
1870 1397 1986 1456 aucto·

492 1488 593 1555 ritate
615 1511 676 1555 sua
698 1490 795 1557 adsit.

600 1597 673 1677 Quo
696 1598 813 1665 officio
837 1598 1005 1665 devinciet
1026 1599 1162 1687 Mag-ca
1183 1599 1378 1668 Dominatio
1401 1600 1523 1668 Vestra
1544 1624 1607 1674 nos
1630 1602 1780 1670 vicissim
1803 1604 1847 1670 ad
1869 1604 1985 1691 singu·

492 1705 596 1772 larem
628 1706 731 1771 animi
764 1707 1073 1795 promptitudinem,
1105 1714 1140 1773 et
1161 1708 1314 1794 feliciter,
1337 1716 1375 1774 ut
1397 1709 1500 1795 vivat,
1523 1718 1688 1798 optamus,
1711 1712 1765 1776 cui
1788 1720 1904 1777 nostra
1926 1735 1986 1778 ne·

492 1813 584 1899 gotia
608 1814 892 1898 commendamus;
922 1815 1021 1881 datae
1043 1838 1084 1881 ex
1107 1816 1183 1881 aula
1206 1825 1322 1882 nostra
1344 1817 1511 1884 Onoldina
1535 1822 1578 1886 25
1600 1818 1797 1885 Decembris
1820 1842 1909 1886 anno
1932 1843 1985 1886 sa·

491 1920 571 1987 lutis
594 1929 799 1989 restauratae
825 1926 919 1993 1586.

598 2029 766 2117 Georgius
789 2030 991 2116 Fhidericus,
1014 2031 1082 2097 dux
1105 2030 1263 2098 Prussiae
1285 2039 1320 2097 et
1342 2032 1488 2100 Silesiaa

492 2406 589 2478 tm.
635 2405 777 2495 syrus·
799 2407 823 2477 V
847 2408 887 2479 de
911 2408 1146 2497 lantramno
1633 2410 1754 2496 Rzym,
1780 2411 1862 2479 101
1888 2413 1985 2480 1587.

765 2626 922 2707 Pnysyea
945 2624 1116 2688 Annibale
1138 2646 1158 2688 a
1180 2623 1298 2707 Kapui
1317 2626 1358 2688 do
1381 2624 1500 2698 Polski,
1523 2645 1569 2689 na
1591 2625 1708 2707 elekcjg.

595 2837 671 2892 Bibl.
699 2837 767 2891 Ord.
794 2836 870 2890 Zam.
896 2835 1025 2907 Dyplemy
1048 2848 1114 2902 520.
1143 2835 1225 2904 Otyg.
1240 2841 1442 2905 pergaminocy
1460 2845 1540 2903 45><
1553 2849 1589 2901 23
1607 2852 1655 2900 cm,
1674 2854 1690 2889 s
1708 2838 1845 2891 adrestas:
1863 2836 1981 2892 Dilecto

487 2926 548 2982 filio
566 2926 655 2981 nobili
674 2925 736 2981 viro
755 2925 859 2981 Ioanni
876 2924 1029 2980 Zamoscio
1047 2925 1131 2997 regni
1150 2924 1288 2979 Poloniae
1313 2925 1493 2980 cancellario.
1519 2925 1594 2979 Nota
1608 2930 1760 2997 piemssa:
1786 2925 1821 2979 D.
1843 2929 1877 2982 10
1896 2926 1981 2980 Ianu-

489 3016 549 3072 arii.
563 3017 667 3071 Breve.
680 3015 757 3070 Nota
770 3017 876 3084 dmga:
895 3015 1062 3071 Svasorium
1076 3014 1112 3068 de
1126 3013 1269 3069 electione
1282 3014 1361 3087 regis
1376 3015 1454 3071 1587.
1468 3014 1545 3069 Nota
1559 3018 1677 3069 trucis·
1691 3015 1797 3069 Brevia
1816 3015 1848 3069 F.
1866 3019 1879 3070 l
1895 3032 1947 3070 n·0
1958 3017 1982 3071 2.

594 3215 728 3300 Xystus
751 3213 845 3300 Papa
863 3212 903 3278 V.
931 3212 1061 3278 Dilecta
1083 3210 1144 3297 fili,
1176 3211 1298 3278 nobilis
1321 3211 1383 3296 vir,
1415 3211 1557 3278 salutem
1580 3219 1616 3280 et
1638 3211 1857 3300 apostolicam
1880 3213 1978 3279 bene-

488 3321 678 3389 dictionem.

594 3428 727 3508 Quanta
757 3427 885 3493 iactura
916 3427 1007 3493 facta
1038 3426 1083 3493 sit
1115 3425 1210 3493 obitu
1241 3424 1405 3513 Stephani
1433 3425 1592 3491 Poloniae
1624 3426 1724 3512 regis,
1757 3435 1921 3513 quantum
1944 3426 1980 3492 in

487 3541 557 3604 eius
589 3536 715 3624 pietate
742 3542 776 3601 et
798 3535 924 3601 virtme
947 3533 1020 3622 spei
1042 3556 1082 3600 ac
1104 3532 1263 3623 praesidii
1287 3532 1388 3598 situm
1412 3539 1508 3617 esset,
1531 3554 1600 3599 non
1623 3534 1723 3601 modo
1746 3533 1860 3620 Regni
1882 3534 1981 3599 istius
2049 3540 2056 3556 ¹

486 3644 546 3711 sed
578 3644 754 3709 universae
786 3642 887 3708 etiam
920 3641 1103 3709 catholicae
1130 3641 1300 3707 Ecclesiae
1328 3640 1435 3724 robus,
1468 3648 1593 3726 quanto
1615 3641 1764 3706 nuncin
1787 3641 1980 3707 discrimine

486 3751 676 3835 versemini,
692 3757 851 3837 quantam
864 3749 964 3816 rebus
979 3748 1132 3815 omnibus
1152 3747 1372 3814 mutationem
1390 3768 1498 3813 novus
1517 3771 1576 3813 rex
1595 3748 1721 3813 afferre
1740 3747 1856 3836 possit,
1876 3770 1977 3834 quan·

485 3867 602 3948 topere
620 3859 683 3925 tibi
701 3857 940 3944 catholicisque
964 3856 1127 3941 omnibus,
1151 3855 1241 3944 apud
1266 3878 1348 3942 quos
1371 3855 1462 3941 regis
1486 3855 1622 3921 creandi
1644 3863 1793 3943 potestas
1812 3862 1872 3939 est,
1889 3855 1977 3940 vigi-

485 3966 623 4032 landum
642 3966 695 4046 sit,
714 3965 795 4052 quid
814 3975 885 4030 ate
908 3974 1008 4051 atque
1031 3964 1073 4031 ab
1095 3964 1161 4029 illis
1185 3963 1264 4029 boni
1288 3985 1403 4029 omnes
1428 3972 1613 4051 expectent,
1637 3962 1718 4049 quid
1740 3985 1794 4029 res
1817 3961 1890 4050 ipsa
1912 3962 1976 4026 fla·

485 4073 580 4160 gitet,
614 4073 694 4160 quid
725 4080 839 4139 vestra
871 4072 978 4138 virtus
1007 4071 1211 4160 polliceatur,
1239 4078 1394 4136 nemete
1417 4069 1536 4135 melius
1560 4069 1662 4135 novit.
1687 4069 1793 4136 Stude
1816 4068 1919 4156 igitur
1944 4077 1979 4134 et

486 4189 586 4266 certa,
619 4189 782 4267 quantum
814 4187 919 4269 potes,
942 4179 1054 4244 animo
1078 4186 1112 4244 et
1135 4178 1275 4244 consilio
1303 4177 1439 4261 conniti,
1463 4184 1624 4263 quantum
1648 4177 1856 4261 auctoritate,
1878 4184 1978 4263 atque

485 4308 588 4375 opera
606 4288 695 4375 apud
714 4287 796 4354 alios
816 4287 963 4371 efficere,
982 4295 1020 4352 ut
1037 4286 1086 4352 rei
1109 4285 1337 4372 magnitudini
1359 4307 1422 4373 par
1445 4285 1622 4371 diligentia
1644 4284 1852 4370 adhibeatur,
1875 4293 1978 4371 utque

485 4395 646 4482 depositis
679 4395 904 4461 simultatibus
936 4417 995 4459 rex
1027 4393 1173 4481 optimus
1198 4400 1232 4458 et
1254 4392 1389 4480 pietatis
1412 4393 1448 4457 in
1471 4391 1588 4480 primis
1612 4391 1877 4457 studiosissimus
1900 4397 1979 4478 (qua

484 4502 635 4568 detracta
648 4512 779 4568 caetera
797 4502 916 4568 umbre
935 4501 1098 4587 quaedam
1116 4500 1252 4566 virtutis
1271 4507 1359 4584 sunt,
1377 4521 1446 4566 non
1464 4500 1620 4586 virtutes)
1640 4506 1777 4565 creetur.
1797 4499 1839 4564 In
1857 4499 1976 4587 primis

483 4631 563 4675 vero
583 4608 735 4675 divinum
753 4608 958 4696 praesidium
980 4607 1131 4696 implora,
1154 4616 1201 4692 tu,
1224 4616 1262 4672 ut
1285 4607 1374 4672 enim
1397 4606 1470 4672 sine
1494 4606 1557 4673 hoc
1579 4606 1676 4671 irrita
1698 4612 1778 4672 sunt
1801 4605 1976 4672 hominum

484 4716 631 4801 consilia,
664 4717 712 4784 sie
745 4738 918 4803 nunquam
941 4716 1035 4781 deest
1062 4715 1153 4780 Deus
1177 4714 1314 4802 optimis
1338 4714 1522 4798 conatibus,
1546 4736 1624 4779 sues
1648 4713 1826 4801 inprimis
1850 4713 1977 4799 gloriae

483 4845 591 4908 causa,
615 4824 789 4911 susceptis.
822 4824 915 4888 Haec
947 4822 1093 4889 seribere
1115 4822 1283 4888 voluimus
1306 4821 1424 4907 magis,
1447 4829 1484 4886 ut
1507 4832 1623 4888 nostro
1647 4821 1765 4887 officio
1788 4829 1822 4886 ot
1845 4821 1975 4886 muneri

483 4930 736 5017 incredibilique
751 4931 916 4997 desiderio
931 4929 1209 5014 satisfaceremus,
1224 4951 1324 5015 quam
1340 4929 1429 5015 quod
1447 4929 1607 5016 pietatem
1626 4929 1865 5014 caritatemque
1883 4936 1976 4993 tuam

481 5046 598 5105 nostra
630 5038 860 5105 cohortatione
892 5037 1045 5124 indigere
1073 5037 1347 5103 exisfimaremus.
1381 5036 1501 5102 Cetera
1529 5059 1570 5102 ex
1592 5036 1775 5102 venerabili
1797 5036 1903 5101 fratre
1926 5057 1976 5101 ar·

482 5146 696 5235 chiopiscopo
728 5146 950 5234 Neapolitano
978 5143 1097 5211 nuntio
1120 5153 1236 5212 nostro
1259 5166 1442 5232 cognosces
1453 5149 1482 5220 ¹).
1506 5144 1582 5211 Dat
1606 5145 1736 5211 Romae
1758 5143 1848 5231 apud
1872 5142 1975 5210 Sanc·
