4775 6225
497 730 552 795 899

496 895 532 963 S.
553 896 635 979 Μ’)
657 894 786 975 fecerit
805 901 842 960 et
862 890 1048 978 cauturium,
1064 913 1109 959 ne
1126 889 1180 959 sui
1196 889 1318 959 Poloni
1336 890 1520 979 quidquam
1541 887 1775 981 inposterum
1797 889 2004 975 admittant,

498 1026 564 1091 quo
586 1003 804 1071 imminuatur
826 1001 984 1069 maiestas
1007 993 1178 1068 tantorum
1202 998 1403 1088 principum

1129 1161 1185 1228 Ad
1209 1161 1364 1249 primum

550 1270 556 1278 '
605 1270 915 1338 Animadvertenda
938 1277 990 1335 ast
1008 1268 1224 1356 intemperies
1243 1276 1277 1336 at
1294 1268 1429 1335 fallacia
1445 1269 1650 1356 impostoris,
1671 1270 1777 1336 multa
1793 1269 1863 1336 iam
1884 1270 2001 1352 denuo

498 1378 676 1466 pollicetur
698 1379 741 1444 de
763 1400 823 1445 suo
847 1376 958 1443 studio
991 1376 1078 1443 Suae
1090 1376 1168 1442 Mei
1191 1385 1292 1463 atqua
1313 1376 1515 1465 persuadere
1530 1385 1678 1463 conatur,
1692 1377 1778 1443 nihil
1792 1400 1829 1443 se
1842 1399 1999 1464 unquam

498 1480 535 1578 iri
557 1485 671 1565 odium
694 1483 857 1573 principis
880 1481 1011 1568 fecisse,
1043 1505 1120 1549 cum
1142 1505 1224 1550 sana
1246 1484 1418 1572 praeclara
1440 1484 1509 1549 sint
1540 1492 1575 1550 et
1597 1484 1774 1572 splendida
1804 1484 1892 1550 fidei
1924 1483 1998 1550 eius

499 1581 700 1659 documenta
730 1598 831 1678 atque
862 1588 1055 1657 testimonia
1086 1589 1362 1657 desideratissimi
1384 1598 1419 1656 et
1441 1590 1684 1679 promptissimi
1716 1590 1819 1657 animi
1847 1590 1923 1657 eius
1961 1590 2001 1656 in

499 1698 533 1766 S.
565 1699 693 1784 lli-tem,
724 1720 846 1786 nempe
877 1697 1025 1764 incursio
1056 1697 1116 1763 illa
1146 1697 1209 1763 sub
1241 1696 1431 1783 Biozynum
1463 1697 1554 1764 facta
1577 1706 1677 1784 atqua
1699 1698 1753 1764 vis
1781 1705 1815 1763 et
1847 1691 2000 1763 dedecus

496 1806 627 1872 illatum
636 1806 783 1893 inclytae
797 1805 910 1872 domui
925 1803 1129 1871 Austriacae.
1145 1804 1277 1871 Dehinc
1295 1805 1472 1892 pollicetur
1489 1804 1525 1870 in
1544 1813 1717 1893 posterum
1734 1827 1771 1870 se
1786 1812 2000 1889 curaturum,

498 1936 542 1980 ue
564 1899 746 1979 admittere*
764 1912 897 2001 possint
915 1911 1098 1998 quidquam
1117 1911 1170 1978 sui
1192 1911 1322 1997 Poloni,
1342 1934 1407 1998 quo
1430 1919 1602 1980 tantorum
1620 1911 1811 2000 principum
1834 1912 2000 1978 maiestas

500 2019 728 2105 imminuatur,
750 2019 917 2106 siquidem
939 2041 1009 2086 non
1033 2018 1212 2085 diffidebat
1243 2018 1310 2085 iam
1343 2041 1379 2084 se
1411 2018 1621 2085 imminuisse
1643 2019 1853 2084 maiestatem
1872 2018 2000 2086 domus

499 2127 704 2212 Austriaoae,
722 2127 782 2192 sed
805 2134 923 2215 postea
945 2126 981 2193 id
1003 2117 1072 2193 nou
1094 2126 1264 2192 facturum
1287 2125 1369 2193 satis
1393 2134 1649 2213 praesumptuse
1680 2126 1866 2214 pollicetur.
1894 2126 2001 2192 Certe

499 2233 785 2322 compensandum
807 2234 918 2321 primo
936 2242 1017 2318 erat,
1040 2233 1130 2319 quod
1148 2232 1190 2300 ab
1209 2232 1268 2300 illo
1289 2232 1557 2319 flagitiosissime
1579 2240 1809 2321 perpetratum
1832 2240 1894 2318 est,
1915 2255 2001 2299 oon-

499 2341 691 2408 stitutiones
723 2348 842 2408 contra
873 2362 1034 2407 ser-mam
1066 2350 1100 2406 et
1122 2339 1286 2428 inclytam
1318 2340 1483 2406 familiam
1510 2341 1771 2425 commendatae,
1794 2339 1864 2406 Sua
1886 2340 2000 2406 M·tas

499 2470 606 2535 regno
628 2449 780 2536 spoliata,
807 2447 990 2514 iustissima
1014 2447 1047 2516 S.
1070 2447 1166 2514 lli-tis
1190 2470 1291 2515 causa
1313 2447 1439 2514 infecta
1461 2457 1496 2514 et
1518 2449 1703 2515 obscurata
1734 2447 1870 2514 Abusus
1904 2448 2003 2514 enim

499 2562 552 2647 est
582 2556 619 2620 iu
651 2554 839 2631 constantia
870 2563 905 2621 et
935 2554 1064 2621 malitia
1094 2577 1219 2641 eorum,
1251 2576 1393 2642 quorum
1424 2564 1593 2641 numerus,
1615 2555 1702 2642 proh
1725 2555 1830 2640 dolor,
1860 2554 1898 2619 in
1932 2554 2003 2621 hac

500 2645 667 2749 sarmatia
689 2662 756 2728 iam
779 2662 940 2729 &auctus
963 2669 1022 2729 ast
1047 2661 1143 2742 Quod
1166 2684 1255 2729 vero·
1269 2684 1339 2728 non
1371 2654 1580 2729 consenserit
1601 2662 1757 2728 electioni
1775 2661 1864 2727 Suae
1886 2662 2004 2748 M·tis,

500 2768 633 2853 mirum,
655 2769 746 2855 quod
769 2791 980 2857 summopere
1003 2769 1152 2854 cavebat,
1174 2792 1218 2835 ne
1241 2770 1337 2836 sedes
1368 2769 1448 2836 belli
1471 2769 1606 2836 Turoici
1628 2770 1664 2834 in
1687 2768 1864 2836 Poloniam
1881 2777 2002 2835 trans·

499 2877 654 2943 ferretur.
677 2876 767 2943 Hinc
789 2899 926 2965 carpere
943 2877 1056 2960 lieet·)
1073 2876 1319 2966 impudentiam
1337 2878 1624 2966 petulantiamque
1643 2877 1798 2961 hominis,
1815 2899 1897 2943 nam
1917 2877 2004 2945 huie

500 2982 789 3071 probabilissimae
806 2984 1014 3050 conditiones
1029 2985 1070 3050 ab
1081 2983 1169 3050 Suae
1182 2984 1277 3068 M·tis
1297 2984 1493 3070 oratoribus,
1508 2984 1539 3051 S.
1559 2984 1652 3051 Caes.
1663 2983 1757 3050 lli-tis
1771 2984 2004 3071 etpraeeipue

501 3091 575 3158 ad.
598 3091 674 3158 Don
699 3090 891 3158 Guilhalmo
923 3091 966 3158 da
998 3091 1123 3159 Sancto
1146 3079 1319 3159 Clemente
1330 3093 1363 3177 ³),
1379 3124 1381 3126 ·
1395 3091 1596 3178 dignissimo
1627 3089 1854 3180 potentissimi
1886 3091 2003 3179 Regis

501 3197 667 3265 (latholioi
698 3205 830 3265 oratore
853 3198 1135 3287 proponebantur.
1168 3198 1255 3265 'l'um
1279 3220 1412 3285 quoque
1438 3199 1564 3286 privati
1582 3199 1721 3286 negotii,
1746 3200 1835 3287 quod
1858 3199 2002 3267 videba-

500 3312 556 3371 tur
578 3306 644 3372 tala
667 3305 827 3372 remorari
859 3305 1017 3391 studium,
1049 3306 1300 3393 proponebatur
1331 3306 1381 3371 illi
1408 3307 1653 3373 Zboroviorum
1675 3306 1830 3391 facilitas,
1858 3307 1929 3373 imo
1964 3316 2005 3373 et

501 3412 707 3478 afferebatur
720 3402 790 3500 per
813 3413 843 3478 d.
868 3413 1024 3478 comitem
1047 3405 1169 3480 Zoleru
1188 3422 1223 3479 et
1241 3413 1474 3492 Geizcofler⁴).
1497 3414 1592 3479 Nihil
1614 3414 1704 3479 aliud
1724 3413 1872 3501 protulit,
1893 3436 2003 3499 quam

501 3521 591 3606 quod
613 3521 758 3586 noluerit
773 3521 887 3586 sedem
901 3521 979 3586 belli
999 3521 1132 3586 Turcici
1152 3520 1187 3585 in
1207 3521 1382 3610 Poloniam
1398 3522 1529 3587 inferre.
1545 3523 1616 3606 Vae
1634 3522 1788 3608 gallinae,
1808 3523 2001 3589 identidem

502 3627 623 3713 dicent,
646 3628 682 3693 in
706 3636 772 3714 qua
795 3628 954 3714 accipiter
977 3628 1115 3715 capitur.
1140 3629 1238 3693 Nunc
1261 3651 1351 3711 vero,
1375 3629 1499 3694 bellum
1522 3612 1705 3714 ingenium,
1729 3630 1828 3715 paulo
1851 3629 2002 3695 inferius

501 3736 681 3823 persuadet
704 3736 791 3801 Suae
814 3736 902 3819 M·ti,
934 3744 973 3800 ut
995 3735 1131 3825 nomine
1158 3736 1262 3801 totius
1296 3734 1560 3801 Christianitatis
1593 3736 1738 3802 'l'urcam
1771 3737 1857 3801 ballo
1890 3746 2001 3823 petat,

502 3843 702 3930 promittens
717 3865 753 3907 se
772 3842 900 3907 socium
914 3850 948 3907 et
962 3841 1160 3935 participem
1175 3842 1253 3909 belli
1271 3865 1339 3907 una
1357 3865 1433 3935 cum
1447 3844 1516 3908 suis
1530 3843 1677 3927 Polonis,
1693 3843 1749 3928 qui
1768 3843 1837 3908 eius
1857 3844 2002 3909 nutibus

502 3949 801 4035 obsequentabunt,
833 3949 915 4034 lore,
944 3949 1133 4036 postposito
1166 3949 1295 4015 scilicet
1335 3950 1464 4034 timore,
1506 3973 1605 4036 quem
1638 3958 1790 4038 tempore
1821 3950 2003 4016 electionis

503 4063 716 4122 contraxerat
747 4056 790 4123 ob
813 4057 906 4123 illam
929 4058 1042 4122 sedem
1066 4056 1145 4122 belli
1168 4056 1308 4123 'luroici
1333 4058 1431 4122 Nunc
1454 4058 1542 4123 ultro
1566 4058 1716 4123 offerens
1740 4080 1776 4123 se
1793 4057 1891 4122 istius
1917 4058 2003 4124 belli

502 4163 630 4247 ducem,
650 4164 692 4228 ad
711 4163 821 4229 minus
841 4165 969 4230 socium
987 4165 1182 4230 affuturum.
1209 4164 1307 4230 Certe
1321 4165 1514 4230 meminisse
1533 4187 1609 4230 eum
1633 4165 1782 4253 oportuit
1809 4167 2003 4231 sententiae

503 4265 650 4354 Ontonia,
672 4271 831 4337 nimirum
854 4272 1050 4338 mendacem
1073 4280 1253 4359 opportere
1276 4295 1349 4339 essa
1371 4295 1562 4339 memorem.

1065 4434 1237 4500 Articulus
1261 4436 1435 4502 secundus.

609 4542 793 4628 Indignum
807 4565 880 4644 esse
895 4543 927 4609 S.
942 4543 1061 4609 M-tem
1076 4544 1138 4609 hao
1158 4544 1193 4608 in
1213 4543 1379 4630 dignitate
1393 4544 1587 4626 fortuae...¹>)
1601 4552 1634 4609 et
1648 4543 1713 4609 hoo
1730 4543 1766 4607 in
1784 4540 1959 4609 maxima..
1976 4550 2004 4625 ο)

502 4648 731 4724 infelicitatis
755 4650 826 4715 eius
849 4658 945 4737 parte
967 4673 1102 4738 ponere,
1125 4652 1215 4736 quod
1238 4652 1281 4717 ad
1305 4674 1381 4717 eum
1395 4653 1423 4734 d)
1447 4652 1638 4739 manipulus
1662 4651 1801 4716 furum...
1817 4655 1849 4732 θ).

613 4831 638 4896 ³)
657 4845 682 4880 w
700 4830 756 4899 rkp.
776 4827 875 4898 liquat.
903 4828 1051 4897 Oczywisty
1070 4830 1137 4899 brad
1155 4861 1187 4869 -
1204 4831 1229 4898 b)
1249 4831 1497 4901 prawdopodobnic
1521 4840 1687 4899 opuszczono
1711 4831 1758 4882 cot
1780 4846 1805 4881 w
1830 4830 1929 4881 tcktcic
1953 4840 2002 4900 np.

503 4917 695 4972 constitutam
715 4934 779 4970 esse
795 4949 825 4956 —
848 4921 875 4986 c)
893 4924 980 4971 autor
995 4919 1095 4988 zacqu
1107 4924 1138 4972 tu
1152 4921 1422 4991 korrstrukch,kto'r‹3
1441 4923 1587 4989 nastqpnic
1598 4920 1735 4989 porzucil,
1755 4917 1800 4971 ale
1817 4935 1842 4970 w
1851 4919 2005 4988 polpieclru

502 5011 548 5059 nic
565 5006 683 5067 skrcs‘lik
710 5007 764 5060 lccz
783 5008 911 5077 zastqpv'l
922 5015 1006 5077 przez
1024 5007 1124 5063 zwrot:
1142 5008 1171 5061 in
1190 5008 1339 5063 felicitatis
1358 5013 1440 5078 parte
1460 5041 1488 5048 —
1504 5012 1531 5077 d)
1552 5009 1651 5076 mylm'c
1670 5012 1791 5061 zamr'ast
1813 5023 1877 5060 eam
1896 5007 1945 5073 (sc.
1970 5009 2003 5063 S.

504 5096 616 5165 M·tem)
632 5128 663 5134 —
679 5100 703 5162 θ)
722 5096 791 5147 brak
810 5098 993 5149 zakorczenia
1012 5104 1070 5166 πμ·
1091 5098 1249 5168 confugiat.
