4775 6225
514 752 570 821 lca

516 935 617 1017 petua
638 948 678 994 ac
701 926 913 993 irrevocabili
944 933 1103 994 tenutuae
1127 926 1404 994 Krzaeaovieusis
1429 935 1464 993 et
1481 917 1729 1011 Zamechensis,
1754 948 1846 994 cum
1878 917 2043 995 omnibus

518 1035 651 1102 illorum
674 1033 766 1101 villis
789 1041 890 1121 atque
922 1033 1038 1101 fundis
1061 1042 1096 1100 et
1122 1034 1344 1123 pertinentiis,
1366 1035 1495 1101 Illustri
1518 1043 1553 1100 et
1575 1033 1712 1121 Mag-oo
1735 1034 1880 1102 Joanni
1908 1034 1957 1100 de
1980 1033 2040 1100 Ze·

516 1142 663 1209 mosezis
681 1162 838 1229 supremo
865 1141 979 1228 Regni
998 1141 1097 1207 huius
1116 1141 1223 1208 nostri
1242 1141 1440 1208 cancellario
1459 1150 1494 1207 et
1507 1140 1656 1227 generali
1674 1142 1903 1208 exercituum
1934 1141 2038 1208 duci„

516 1248 812 1337 Miedzyrnecensi,
845 1248 1061 1334 Grodecensi,
1097 1249 1418 1336 Jaworowiensique
1459 1249 1634 1336 capitaneo
1670 1260 1704 1314 et
1737 1249 1818 1316 sius
1863 1248 2037 1337 legitimis

517 1355 766 1423 successoribus
802 1355 875 1421 iure
910 1378 949 1423 ac
985 1355 1084 1423 titulo
1120 1355 1354 1439 haereditario,
1381 1355 1424 1423 ob
1460 1355 1568 1443 ipsius
1604 1355 1915 1443 praestantissima
1955 1378 2034 1444 erga

516 1461 760 1550 rempublicam
775 1462 938 1549 divosque
952 1463 1225 1550 praedecessores
1240 1469 1373 1530 nostros
1388 1484 1427 1529 ac
1445 1483 1507 1529 nos
1526 1462 1619 1549 ipsos
1637 1462 1767 1547 merita,
1788 1470 1833 1529 ut
1857 1462 1953 1530 haec
1976 1464 2030 1530 do·

516 1570 609 1636 natio
622 1577 738 1635 nostra
748 1569 859 1635 debito
869 1569 996 1636 effectu
1014 1570 1180 1655 sortietur,
1200 1568 1436 1654 commisimus,
1454 1567 1761 1656 committimusque
1780 1569 1919 1637 litteris
1938 1569 2028 1636 hisce

516 1676 642 1743 nostris
666 1697 830 1762 generoso
848 1676 952 1743 Petro
971 1676 1191 1764 Gaieklinslry
1214 1676 1394 1743 secretario
1412 1684 1538 1761 nostro,
1556 1685 1596 1743 ut
1617 1684 1733 1743 nostro
1751 1677 1903 1744 nomine
1922 1678 2025 1744 intro

516 1783 721 1867 missionem,
745 1784 863 1871 vigore
885 1784 1075 1852 donationis
1099 1784 1170 1851 eius
1188 1792 1333 1869 nostrae,
1351 1784 1388 1850 in
1405 1784 1494 1851 bona
1511 1785 1664 1872 superius
1682 1784 1873 1871 nominata,
1889 1794 2025 1851 tenutas

516 1890 793 1958 Krnesaoviensis
826 1898 861 1957 et
892 1890 1144 1974 Zamechensis,
1162 1890 1229 1980 ipsi
1260 1890 1347 1957 Ill-ri
1378 1899 1413 1958 et
1434 1892 1572 1977 Mag-co
1603 1890 1730 1958 Joanni
1752 1891 1798 1957 de
1821 1892 2023 1959 Zamoscsie

516 1995 655 2084 eiusque
673 1996 835 2084 legitimis
854 1997 1101 2065 successoribus
1116 1998 1174 2064 det
1187 2005 1223 2064 et
1235 1998 1356 2083 uadat,
1369 1997 1522 2083 assignet
1535 2005 1569 2064 et
1586 1997 1752 2084 admittat,
1764 1997 2021 2065 oboedientiam

517 2125 537 2170 a
560 2103 704 2170 subditis
727 2111 920 2170 tarantarum
952 2125 991 2171 ac
1014 2103 1178 2172 bonorum
1202 2105 1403 2171 donatorum
1426 2104 1536 2172 eidem
1558 2104 1649 2171 Ill-ri
1670 2112 1705 2171 et
1726 2105 1871 2192 Mag-co
1890 2106 2017 2173 Joauni

517 2212 559 2277 de
581 2211 775 2278 Zemoscaie
798 2219 834 2276 et
855 2212 1103 2278 successoribus
1126 2212 1233 2300 ipsius
1256 2212 1292 2278 in
1310 2220 1510 2300 perpetuum
1533 2210 1697 2300 praestari
1713 2211 1867 2299 mandat,
1887 2212 2019 2300 aliaque

517 2318 638 2403 omnia,
652 2340 738 2405 quae
751 2317 795 2383 ad
807 2318 983 2405 negotium
1001 2326 1036 2385 et
1053 2327 1165 2386 actum
1179 2319 1270 2386 hunc
1284 2318 1543 2386 intromissionis
1558 2326 1593 2384 et
1609 2317 1843 2407 possessionis,
1862 2320 2018 2407 assigna·

516 2425 618 2492 tionis
637 2425 901 2513 pertinebantur,
915 2425 1019 2492 faciat
1033 2434 1067 2492 et
1080 2434 1273 2513 exequatur.
1291 2426 1347 2492 Ad
1365 2447 1452 2512 quae
1469 2426 1582 2493 omnia
1600 2424 1804 2493 authoritate
1826 2435 2018 2493 conventus

516 2531 703 2619 praesentis
734 2530 785 2597 illi
812 2532 947 2619 plenam
979 2541 1014 2599 et
1036 2533 1223 2600 absolutam
1245 2540 1447 2621 potestatem
1470 2532 1693 2599 concedimus.
1721 2532 1820 2613 Quod
1847 2533 2018 2618 omnibus,

518 2663 660 2728 quorum
693 2643 841 2726 interest,
864 2642 1064 2729 praesertim
1086 2664 1167 2709 vero
1200 2641 1344 2709 subditis
1375 2642 1540 2709 bonorum
1571 2663 1611 2709 ac
1632 2648 1826 2708 tenutarum
1858 2643 2017 2731 superius

515 2748 764 2832 recensitarum,
788 2756 858 2813 tam
881 2747 1069 2837 oppidanis,
1092 2770 1192 2835 quem
1217 2748 1359 2833 villanis,
1378 2770 1441 2815 nec
1462 2769 1533 2815 non
1555 2748 1806 2815 advocatiarum
1829 2756 1864 2814 et
1893 2750 2015 2816 sculte-

516 2854 640 2921 tiarum
662 2853 699 2919 in
722 2854 847 2920 tenutis
870 2876 910 2921 ac
932 2854 1029 2921 bonis
1061 2855 1182 2922 iisdem
1214 2855 1472 2943 possessoribus,
1500 2854 1832 2940 molendinatoribus,
1865 2856 2016 2923 minora·

516 2960 644 3029 toribus
677 2969 711 3027 et
733 2960 930 3048 quibusquis
953 2962 990 3027 in
1012 2984 1137 3050 genere
1168 2962 1369 3048 hominibus,
1393 2964 1515 3030 lundos
1547 2963 1677 3049 aliquos
1700 2961 1736 3028 in
1759 2962 1858 3029 bonis
1882 2963 2017 3046 iisdem,

516 3089 715 3156 quocunque
737 3069 809 3137 iure
832 3092 871 3138 ac
893 3070 993 3138 titulo
1016 3069 1255 3156 obtinentibus,
1277 3078 1396 3138 notum
1418 3093 1492 3138 esse
1515 3070 1696 3138 volumus...

621 3176 729 3243 Datse
752 3177 933 3245 cracoviae
956 3178 992 3244 in
1016 3186 1185 3245 conventu
1208 3179 1358 3267 generali
1390 3179 1499 3245 felicis
1533 3177 1759 3246 coronationis
1786 3187 1938 3265 nostrae,
1960 3181 2015 3247 die

515 3282 682 3369 vigesima
704 3306 794 3350 nona
811 3285 936 3351 mensis
950 3285 975 3351 J
976 3284 1106 3352 aunarii
1128 3307 1218 3352 anno
1240 3285 1281 3352 D.
1296 3285 1462 3351 milesimo
1487 3284 1756 3372 quingentesimo
1779 3288 2014 3374 octuagesimo

516 3397 662 3456 octavo...
677 3393 706 3472 ¹).

623 3518 643 3583 ¹)
672 3515 791 3582 Zgodnic
809 3533 824 3568 a
843 3522 896 3584 tyna
924 3520 1073 3570 nadaniem
1100 3517 1221 3569 dckonul
1248 3516 1333 3570 Piotr
1351 3517 1502 3571 Ciekliaiski
1529 3517 1667 3570 sckrctars
1686 3516 1765 3577 kro‘l„
1786 3518 1944 3588 intromissi
1961 3519 2015 3570 Za-

516 3605 661 3671 mcyskicgc
679 3621 704 3656 w
722 3604 808 3658 dabra
827 3605 948 3658 Zamclm
971 3605 1085 3675 7lipca.
1103 3623 1120 3658 a
1140 3609 1233 3673 tenuty
1250 3606 1453 3675 krzcszowskiej
1471 3620 1490 3670 9
1510 3606 1582 3674 lipca
1603 3606 1686 3670 1588.
1712 3603 1806 3673 (Arch.
1824 3604 1952 3659 Potistia.
1977 3621 2016 3658 wc

515 3692 640 3754 Lwowic,
660 3694 757 3746 Indue.
786 3694 834 3747 rel.
861 3697 944 3746 castr.
965 3695 1055 3748 Prem.
1084 3699 1103 3746 t.
1120 3706 1179 3760 304
1209 3712 1229 3746 s.
1250 3695 1342 3763 1138).
1369 3694 1454 3747 chca
1482 3696 1610 3756 ciekarca.
1638 3700 1668 3746 sc
1694 3694 1839 3746 dokument
1857 3695 2016 3766 polccajqcy

515 3782 727 3851 wprowadzenie
745 3783 934 3849 Zamoyskiego
952 3800 977 3834 w
989 3784 1156 3853 posiadam'c
1182 3783 1304 3836 Zamclm
1324 3786 1335 3834 i
1353 3784 1515 3836 li'rzcszowa
1542 3787 1604 3836 nori
1628 3784 1692 3850 dats
1710 3782 1791 3848 291,
1814 3785 1939 3851 podczas
1962 3786 2014 3852 gdy

515 3886 592 3924 samo
611 3875 734 3925 nadanie
752 3885 791 3935 30
811 3873 832 3926 l
846 3873 929 3936 1588.

517 4102 571 4172 38.
598 4103 761 4189 Przywllsl
786 4104 963 4190 Zygmunta
990 4105 1026 4171 ΙΙΙ
1053 4122 1092 4173 ua
1117 4104 1236 4173 lamet
1262 4105 1270 4173 Ι
1296 4105 1463 4173 trrsaztw
1633 4102 1791 4186 Kraktw,
1810 4103 1893 4170 301
1920 4107 2012 4171 1588.

623 4246 650 4311 1)
669 4243 743 4296 Bibl.
766 4244 833 4296 Ord.
853 4245 929 4299 Zam.
949 4243 1010 4299 Ser.
1029 4245 1090 4307 III,
1105 4246 1160 4307 al.
1175 4261 1214 4298 nr
1231 4245 1375 4315 13.chia
1393 4262 1409 4296 z
1428 4245 1502 4298 XIX
1521 4261 1553 4297 w.
1573 4262 1588 4296 z
1607 4243 1944 4315 tytulem:Privilegiu1n
1963 4262 2013 4315 per

516 4332 737 4387 Serenissimum
757 4333 973 4405 Sigismundum
993 4334 1313 4403 111regem1>010niae
1337 4334 1535 4389 Illustrissimo
1557 4334 1714 4405 Magnifico
1728 4332 1838 4388 Joanni
1852 4333 2011 4405 Zamoyaki

515 4421 686 4476 cancellario
696 4429 726 4476 et
741 4440 875 4492 supremo
890 4423 985 4494 Regni
1002 4423 1073 4477 duce
1088 4422 1236 4489 collatum,
1246 4440 1322 4477 anno
1339 4425 1417 4492 1588,
1432 4424 1477 4477 die
1492 4426 1527 4479 30
1541 4423 1650 4477 mensis
1664 4423 1683 4478 J
1685 4423 1805 4491 anuarii,
1819 4423 1850 4476 in
1864 4431 2011 4478 conventu

515 4512 711 4566 coronationis
730 4513 895 4568 Cracoviae.
918 4514 1057 4582 Oryginal
1073 4518 1131 4580 tego
1145 4513 1308 4584 przywilcju
1327 4514 1488 4584 anajdowal
1503 4518 1543 4582 sip
1561 4531 1586 4566 w
1603 4513 1760 4567 Archiwum
1783 4512 1949 4586 Ordynaay’i,
1960 4516 2013 4586 jak

515 4617 657 4655 aaznacza
677 4605 792 4657 nctatka
820 4620 845 4655 w
876 4602 1033 4672 ‹Studjach
1059 4603 1101 4658 hr.
1121 4603 1299 4658 Stanislawa
1323 4603 1553 4675 Zamoyslriego·
1584 4620 1609 4657 w
1636 4602 1709 4660 Bibl.
1732 4602 1799 4657 Ord.
1819 4603 1899 4657 Zara.
1929 4605 2012 4673 (oka.·

514 4691 752 4762 Kcrcspondcncja
771 4709 786 4744 z
806 4692 970 4763 Bandtkcm)
989 4695 1091 4745 arkusz
1110 4696 1193 4746 notha
1212 4706 1260 4760 40.

621 4783 649 4850 2)
668 4782 749 4835 Arcls.
773 4781 885 4836 Gldwnc
902 4798 927 4833 w
951 4782 1128 4844 llbrszawia
1148 4783 1234 4837 Metr.
1254 4784 1310 4837 ker.
1330 4788 1349 4836 t.
1370 4797 1422 4849 134
1442 4783 1465 4835 k.
1485 4796 1546 4848 224.

730 4890 772 4954 In
794 4889 939 4955 Nomine
962 4889 1099 4955 Domini
1122 4891 1241 4958 Amen.

624 4996 709 5061 Cum
728 4996 764 5061 in
783 4996 937 5062 omnibus
961 4996 1100 5062 summis
1118 4997 1265 5083 negotiis
1285 5006 1319 5063 et
1337 4998 1532 5082 actionibus,
1551 4998 1592 5063 iis
1613 4998 1818 5084 praesertim,
1838 5019 1927 5083 quae
1945 5021 2011 5065 non

515 5101 676 5187 exiguum
710 5104 844 5190 aliquod
876 5112 1019 5192 tempus,
1043 5105 1101 5170 sed
1125 5105 1161 5169 in
1183 5115 1383 5193 perpetuum
1416 5106 1616 5191 sentiuntur,
1639 5127 1708 5170 non
1736 5104 1807 5171 lere
1831 5105 2011 5193 quiequam
