4775 6225
497 716 535 775 lc

501 880 600 952 tm.
644 880 815 969 lanam]
839 880 880 952 dc
902 880 984 952 lara
1009 879 1104 951 narr
1616 877 1709 963 Belz,
1732 881 1773 946 21
1798 876 1871 945 XII
1896 880 1990 948 1585.

1045 1077 1194 1143 Zlecmris
1210 1076 1447 1161 gospodarskie.

604 1272 680 1327 Bibl.
709 1270 777 1327 Ord.
803 1272 881 1327 Zau.
905 1286 958 1327 rer.
984 1271 1024 1326 II
1038 1271 1079 1343 pl.
1105 1286 1122 1325 1
1147 1288 1187 1325 nr
1203 1283 1247 1337 17.
1276 1269 1357 1340 Oryg.
1376 1287 1392 1324 a
1405 1270 1544 1342 podpisem
1563 1273 1576 1324 i
1591 1271 1737 1342 dopiskicn
1754 1270 1992 1342 almostam,

499 1362 603 1417 {ladem
615 1362 754 1435 piuzqtki
771 1364 784 1417 i
799 1362 936 1418 odmen:
953 1359 1159 1417 Urodzonemu
1176 1358 1294 1416 Jenowi
1311 1358 1456 1415 Piwlrowi
1472 1360 1602 1431 mojemu
1619 1359 1732 1433 nalety.

606 1559 775 1625 Roakaral
794 1558 1032 1626 Konarsh‘tmu
1045 1558 1072 1644 ¹)
1094 1560 1158 1625 dat
1176 1556 1371 1623 srklaraowi
1390 1566 1462 1641 tray
1483 1559 1572 1634 elate,
1595 1580 1640 1623 na
1662 1557 1749 1624 kirre
1769 1562 1856 1642 iada
1878 1559 1992 1624 hvitu.

507 1665 625 1751 Wifcq‘
639 1667 693 1732 nie
710 1669 883 1743 material,
905 1664 975 1732 ...bo
997 1664 1044 1731 mi
1067 1670 1158 1730 teraz
1181 1662 1360 1752 pieniedzy
1382 1662 1543 1752 potr-reba
1564 1685 1610 1730 na
1632 1663 1766 1751 Tatary.
1789 1668 1914 1732 Zebrat
1933 1687 1993 1731 na·

500 1774 568 1858 tay
588 1777 741 1857 zewszqr
754 1774 935 1861 penem,
958 1783 1010 1858 ep.
1033 1794 1070 1841 ze
1085 1774 1208 1848 irrata,
1231 1773 1318 1838 eae
1339 1773 1489 1838 oseam
1501 1782 1536 1857 p.
1566 1773 1723 1859 Wnuv).
1744 1757 1994 1863 Sneeiekir)

500 1881 622 1949 winien
644 1882 857 1948 kanclmowi
878 1902 923 1968 40
945 1881 1076 1965 simale,
1097 1881 1185 1946 ktdre
1202 1901 1257 1945 ma
1281 1879 1397 1946 Piwko
1418 1882 1462 1946 od
1481 1880 1573 1964 netgo
1593 1883 1733 1947 odebrae

607 2081 629 2150 ¹)
646 2076 751 2133 David
768 2076 918 2141 Konarski,
935 2076 1018 2146 stega
1036 2075 1192 2131 kanclma.

607 2168 628 2238 ¹)
652 2166 743 2222 Wnut
766 2165 899 2239 Wojclcclt
915 2163 1087 2229 Slovicrlski,
1096 2164 1248 2236 podskarbi
1264 2163 1869 2236 kanclenaiwdjtaeamojrti('1'arnawski
1881 2164 1993 2235 Alere,

500 2252 685 2313 Drialalnolt
703 2254 732 2311 J.
751 2254 967 2328 Zcmoyskiego
985 2270 1025 2310 na
1041 2253 1110 2326 polu
1128 2252 1368 2327 gospodarczym
1387 2270 1410 2308 s.
1430 2254 1494 2322 1233
1513 2252 1602 2309 Areb.
1619 2252 1648 2310 J.
1667 2253 1749 2309 Zam.
1768 2253 1835 2324 111).

608 2347 629 2416 ¹)
646 2327 826 2402 rannessa
842 2344 966 2417 enemy·
982 2344 1030 2399 tur
1046 2342 1211 2409 stenem,
1229 2343 1312 2412 suga
1329 2342 1477 2399 uncum
1496 2344 1533 2417 (j.
1550 2344 1605 2416 e).

503 2739 600 2813 lm.
646 2739 763 2829 Baton
785 2739 920 2827 trtrrcl
944 2739 985 2810 dc
1008 2686 1243 2827 tenemusne
1534 2740 1738 2815 Warszawa,
1754 2750 1841 2824 poca.
1863 2739 1947 2824 1586
1959 2742 1991 2826 ¹).

500 2954 598 3022 Prosi
611 2976 630 3020 0
642 2964 754 3041 pomoc
769 2954 998 3037 Zamoysh'ege
1019 2975 1051 3018 w
1073 2952 1310 3035 zamimonym
1333 2952 1506 3035 qu'erdsie
1527 2952 1543 3017 i
1563 2975 1595 3018 w
1617 2953 1823 3036 wydostaniu
1839 2954 1991 3036 goto'wki.

1054 3061 1150 3127 Posel
1167 3059 1444 3143 siedmiogrodaki.

607 3275 681 3329 Bibl.
699 3273 743 3328 br.
765 3272 957 3330 Yamsh’ch
981 3289 1007 3327 w
1030 3272 1170 3328 Dzikowa'c
1189 3281 1218 3344 p.
1239 3285 1317 3338 3-nr
1333 3286 1372 3328 ro
1389 3273 1413 3325 k.
1433 3285 1486 3339 172
1494 3290 1518 3326 v.
1538 3272 1706 3344 Kopian'usz
1725 3282 1830 3344 apocr.
1848 3273 1941 3329 XVII
1958 3291 1991 3327 ro.

503 3364 581 3421 rem
597 3367 642 3418 nt‘c
659 3364 805 3434 dalmany
821 3363 977 3436 popncdza
990 3362 1143 3432 nagldwct:
1156 3360 1289 3418 Andreas
1304 3361 1625 3417 cardinalisBattoreue
1634 3362 1737 3417 Ioanni
1746 3361 1909 3419 Zamoiacio
1923 3380 1991 3418 oan-

500 3451 617 3511 oellario
635 3451 740 3524 Regni.

605 3665 656 3734 Ill
689 3674 724 3733 et
753 3665 843 3755 Mag.
875 3664 965 3732 D·ne
992 3664 1098 3733 amice
1120 3663 1316 3732 charissime
1338 3673 1373 3732 et
1396 3665 1654 3733 officiosissime.
1677 3665 1715 3732 Si
1737 3665 1826 3733 forte
1847 3665 1885 3732 in
1906 3667 1991 3734 meis

499 3781 535 3840 et
565 3794 659 3840 meae
691 3772 838 3840 familiae
868 3772 1014 3861 negotiis
1047 3772 1129 3840 D-ni
1160 3773 1302 3840 Vestrae
1324 3795 1420 3840 aures
1443 3773 1541 3861 pulso
1564 3781 1599 3840 et
1619 3773 1713 3840 illam
1736 3796 1756 3840 a
1778 3773 1991 3861 gravioribus

500 3880 718 3970 Reipubliooe
741 3880 1035 3949 deliberationibus
1058 3903 1190 3967 revoco,
1213 3903 1275 3970 pro
1298 3881 1356 3949 illo
1379 3904 1479 3968 quem
1501 3904 1634 3971 semper
1655 3904 1792 3975 praese
1809 3883 1888 3949 tulit
1909 3906 1992 3951 vero

500 4009 583 4076 erga
613 3987 779 4077 optimum
810 4010 926 4076 regem
950 3987 1159 4077 Stephanum
1182 4009 1296 4055 amore
1318 3995 1353 4055 et
1375 3988 1487 4066 studio
1501 3996 1545 4066 et
1566 4009 1649 4076 erga
1670 4010 1725 4056 me
1747 3989 1992 4076 benevolentia,

500 4096 600 4166 credo
622 4118 677 4163 me
698 4095 883 4185 importuni
905 4095 1132 4163 sollicitatoris
1156 4118 1193 4163 os
1217 4096 1342 4163 vicium
1365 4118 1434 4163 non
1456 4097 1676 4164 incursurum
1713 4097 1836 4164 Oarere
1858 4120 1991 4185 quoque

500 4202 662 4270 indicabit
679 4203 755 4291 lege
772 4203 1016 4289 necessitatem,
1040 4225 1124 4292 qnae
1146 4203 1238 4269 nulla
1260 4203 1367 4271 maior
1389 4211 1442 4271 est
1464 4226 1565 4291 quem
1587 4226 1664 4271 cnm
1687 4205 1729 4272 de
1751 4205 1890 4271 alicuius
1913 4226 1990 4293 pro-

500 4309 575 4400 prio
592 4309 720 4378 luditur
737 4311 837 4379 corio.
861 4310 992 4400 Oupere
1014 4333 1069 4378 me
1092 4309 1341 4399 quamprimum
1363 4334 1404 4378 ex
1426 4311 1480 4379 his
1502 4312 1688 4381 foetoribus
1710 4312 1990 4381 Varsoviensrbus

500 4440 681 4509 proripere,
712 4440 791 4486 nam
823 4419 859 4484 in
890 4441 930 4487 ea
961 4441 1036 4486 enm
1067 4441 1127 4509 spe
1155 4427 1255 4505 certa
1279 4420 1369 4507 quod
1391 4420 1421 4486 ei
1443 4428 1612 4489 recentem
1634 4443 1750 4488 auram
1771 4422 1990 4510 respirarem,

500 4526 574 4593 sine
604 4525 673 4593 ulla
704 4546 768 4615 ope
794 4525 1000 4594 medicorum
1023 4526 1227 4615 recuperabo
1249 4525 1427 4615 pristinam
1451 4527 1638 4596 sanitatem.
1660 4529 1730 4595 Res
1751 4529 1911 4596 universa
1933 4529 1991 4596 de·

500 4633 625 4723 pendet
647 4655 667 4700 a
688 4632 730 4700 D.
753 4632 894 4699 Vestrae
916 4632 1045 4700 Illustri
1067 4632 1249 4701 voluntate
1271 4634 1380 4721 Rogo,
1403 4643 1484 4721 agat
1506 4657 1583 4702 cnm
1606 4635 1818 4703 serenissimo
1840 4658 1931 4723 rege,
1953 4644 1992 4703 ut

499 4739 597 4807 nobis
629 4739 739 4807 cantio
762 4740 861 4806 detur
883 4739 1059 4808 sufficiens
1082 4741 1125 4808 de
1147 4747 1289 4829 argento
1311 4740 1349 4806 in
1370 4763 1469 4808 usum
1491 4742 1636 4808 militum
1660 4765 1680 4809 a
1701 4765 1755 4809 me
1777 4743 1933 4809 alacriter
1955 4743 1992 4809 in
2020 4797 2023 4803 .

500 4867 631 4914 summa
661 4845 879 4935 Reipublicae
901 4847 1100 4915 necessitate
1129 4847 1218 4932 dato,
1240 4854 1313 4913 tum
1338 4847 1379 4916 de
1403 4870 1507 4916 cornu
1528 4849 1761 4935 monocerotis,
1783 4857 1818 4916 et
1839 4849 1991 4938 pecnnia,

501 4974 586 5041 quae
603 4952 838 5021 continebatur
860 4954 896 5021 in
918 4954 1044 5021 diversi
1067 4954 1201 5043 generis
1223 4956 1371 5022 nummis
1394 4955 1511 5023 aureis.
1534 4956 1577 5023 Id
1598 4956 1689 5023 enim
1710 4957 1811 5023 video
1832 4957 1877 5023 ed
1899 4979 1990 5023 snm·

500 5082 591 5129 mam
622 5060 751 5149 negotii
781 5060 889 5129 nostri
917 5061 1107 5130 desiderari
1129 5062 1281 5151 Legatos
1305 5061 1589 5150 Transylvanicns
1612 5064 1730 5131 nolens
1752 5063 1870 5132 volens
1892 5072 1992 5154 parat
