4775 6225
466 741 522 803 286

469 908 629 977 Stanislai
646 908 843 977 Lesczinski
855 910 887 996 ⁶),
911 909 1123 978 Oulmensem
1141 918 1220 1001 post
1238 917 1380 979 mortem
1403 910 1533 980 abbatis
1556 908 1724 978 Olivensis
1741 911 1770 995 ¹),
1792 918 1962 995 vacantes,

467 1018 510 1085 iis
542 1040 625 1107 quos
653 1018 787 1085 III-mae
809 1019 850 1086 D.
873 1018 1015 1086 Vestrae
1037 1020 1287 1105 commendabo,
1310 1041 1458 1107 agnosco
1481 1020 1517 1085 in
1540 1042 1578 1086 eo
1601 1020 1734 1086 Dl-mae
1756 1019 1797 1085 D.
1820 1020 1962 1085 Vestrae

468 1149 550 1214 erga
568 1149 622 1193 me
640 1125 917 1193 benevolentiam.
940 1126 1146 1211 Lesczinius,
1169 1150 1214 1194 an
1236 1134 1387 1195 mortuns
1411 1127 1464 1211 sit
1486 1126 1572 1192 nihil
1595 1127 1729 1193 aliunde
1752 1126 1875 1212 audivi,
1898 1125 1962 1192 etsi

468 1233 557 1301 inter
587 1234 769 1301 familiares
792 1256 885 1301 meos
908 1241 943 1300 et
965 1234 1180 1301 cancellariae
1202 1257 1297 1301 meae
1320 1233 1516 1301 secretarios
1538 1235 1650 1300 fuerit.
1683 1234 1720 1300 Si
1744 1234 1825 1321 quid
1847 1242 1962 1299 tamen

468 1342 536 1408 iam
559 1342 608 1407 illi
631 1342 825 1408 humanitus
848 1342 979 1428 accidit,
1006 1364 1090 1430 rogo
1113 1343 1266 1409 conferat
1288 1342 1522 1409 canonicatum
1545 1342 1801 1409 cracoviensem
1823 1364 1962 1408 venera·

468 1448 528 1517 bili
546 1449 671 1516 Dauidi
688 1450 860 1516 Konarski
871 1451 905 1534 ⁸),
927 1449 993 1538 pio,
1011 1449 1143 1517 literato
1161 1449 1302 1534 homini;
1323 1449 1615 1516 Praemisliensem
1638 1450 1870 1516 canonicatum
1893 1449 1963 1515 acio

469 1579 543 1624 esse
565 1557 652 1644 regii
674 1557 765 1623 iuris.
788 1556 954 1624 Abbatem
978 1556 1169 1624 Olivensem
1191 1566 1361 1623 mortuum
1389 1579 1471 1641 esse,
1498 1556 1566 1622 iam
1589 1565 1666 1622 anta
1688 1556 1827 1623 Lublini
1849 1555 1963 1623 andie-

469 1687 550 1732 ram.
573 1665 665 1732 Velit
687 1665 802 1732 Ill-ma
824 1666 864 1732 D.
883 1665 1006 1733 Vestra
1024 1666 1238 1732 Onlmensem
1261 1666 1331 1731 eiua
1355 1665 1588 1732 canonicatum
1611 1663 1757 1731 tribuere
1779 1664 1963 1731 venerabili

469 1772 575 1839 Paulo
594 1772 822 1857 Gorniczlril),
846 1772 983 1861 optimis
1002 1795 1041 1839 ao
1059 1773 1184 1839 sanctis
1204 1773 1353 1839 moribus
1376 1772 1514 1856 homini,
1537 1772 1668 1838 erudito
1691 1794 1730 1838 ac
1753 1772 1789 1837 in
1811 1772 1885 1837 luce
1907 1793 1961 1836 nr·

469 1878 530 1965 bis,
561 1880 598 1945 in
629 1880 758 1947 familia
788 1881 868 1947 olim
900 1880 999 1947 ill-mi
1031 1880 1210 1947 cardinalis
1242 1879 1339 1947 Hosii
1372 1879 1429 1945 diu
1452 1888 1594 1946 versato.
1626 1880 1777 1966 Uterque
1799 1879 1905 1946 ill-mo
1930 1885 1964 1944 et

468 2009 555 2055 r-mo
587 1988 722 2055 domino
753 1989 866 2056 abbati
898 1989 1081 2056 Tolossano
1094 1990 1132 2072 ¹⁰)
1154 1988 1280 2077 optime
1312 1995 1411 2055 notus
1439 1995 1499 2055 est
1530 1987 1616 2053 Mihi
1637 2010 1728 2073 vero,
1751 1988 1779 2053 si
1804 1988 1885 2074 qnid
1907 1986 1964 2053 vel

468 2093 535 2183 ipsi
553 2096 684 2162 Ill-mae
701 2096 742 2163 D.
760 2096 902 2164 Vestrae
921 2095 1093 2190 inservire,
1116 2096 1172 2163 vel
1190 2118 1327 2163 suorum
1350 2117 1450 2162 causa
1472 2102 1643 2184 praestare
1665 2117 1813 2181 unquam
1836 2103 1965 2183 potero,

468 2204 616 2271 mandet.
647 2205 775 2270 Iterum
807 2211 907 2291 atque
938 2205 1060 2269 iterum
1091 2203 1220 2291 gratias
1251 2224 1327 2290 ago,
1359 2204 1448 2290 quod
1479 2203 1516 2269 in
1544 2225 1643 2269 causa
1664 2203 1762 2268 ill-mi
1785 2201 1964 2268 cardinalis

469 2311 606 2377 Batorei
628 2317 761 2377 tantum
782 2311 922 2383 laboret:
956 2318 1113 2399 exspecto
1145 2311 1188 2377 ab
1219 2311 1332 2377 Ill-ma
1362 2311 1403 2377 D.
1430 2310 1553 2378 Vestra
1575 2318 1609 2376 et
1632 2310 1673 2377 ab
1696 2310 1804 2376 ill-mo
1828 2309 1964 2376 domino

469 2419 614 2485 Batoreo
646 2418 802 2485 nuntium
830 2419 872 2485 de
894 2441 1056 2507 responso
1084 2440 1123 2485 ac
1145 2419 1319 2486 voluntate
1341 2418 1419 2484 r·mi
1443 2418 1570 2485 domini
1593 2418 1744 2506 episcopi
1766 2416 1964 2483 Gracouien-

470 2525 516 2591 sis
529 2527 579 2609 ¹¹);
614 2525 713 2591 simul
745 2526 847 2592 etiam
874 2533 1041 2614 exspecto,
1063 2532 1102 2591 ut
1124 2526 1247 2593 certior
1277 2526 1360 2592 fiam
1394 2525 1648 2591 anobilissimo
1670 2525 1807 2591 domino
1831 2523 1965 2590 Statilio

469 2632 612 2700 Paulino
626 2635 663 2717 ¹¹)
685 2633 864 2719 Bresta¹³),
887 2642 1002 2699 utrnm
1020 2634 1087 2699 iam
1106 2634 1197 2721 apud
1219 2633 1363 2720 Regiam
1386 2634 1506 2700 M·tem
1528 2634 1641 2699 literas
1665 2630 1965 2700 commendationis

470 2740 513 2805 ad
532 2739 615 2805 Eius
635 2740 855 2806 Sanctitatem
874 2740 1071 2828 impetrarit
1090 2741 1250 2807 Famula
1267 2740 1534 2808 confirmationis
1558 2739 1716 2806 ecclesiae
1735 2740 1845 2827 placet
1867 2739 1964 2820 mihi;

469 2868 537 2914 uno
555 2846 629 2913 loeo
652 2847 714 2914 sub
737 2870 803 2934 quo
826 2848 949 2914 lineam
972 2849 1108 2915 ductam
1130 2849 1249 2936 reperi,
1272 2848 1376 2914 adieci
1401 2848 1635 2916 mansionariis
1658 2848 1794 2932 vietum,
1818 2847 1876 2934 qui
1898 2847 1965 2912 illis

469 2961 602 3042 praeter
633 2954 842 3042 pecuniolam
875 2963 909 3021 et
935 2955 1162 3044 porrectiones
1189 2957 1319 3044 piorum
1350 2957 1529 3044 praebetur
1542 2960 1587 3040 “t
1621 2958 1674 3024 Do
1698 2964 1870 3044 praeterea
1891 2955 1966 3020 iura

470 3068 666 3151 patronatus
698 3061 932 3152 parochiarum
963 3064 1066 3130 trium
1098 3064 1134 3131 in
1165 3065 1262 3132 bonis
1285 3064 1378 3149 meis,
1401 3064 1526 3153 oppido
1551 3064 1800 3152 Tamogrodv)
1823 3085 1862 3130 ac
1884 3063 1966 3129 villa

470 3172 609 3239 Lucoua
622 3174 660 3254 ¹⁶)
691 3180 726 3237 et
747 3172 829 3240 villa
851 3173 1124 3261 Dniewczipotok
1137 3175 1184 3258 ιτ),
1217 3174 1408 3262 praeposito
1435 3196 1497 3261 pro
1519 3174 1712 3261 provisione
1735 3195 1850 3239 eorum
1873 3194 1967 3238 man·

470 3278 700 3363 sionariorum,
720 3279 777 3366 qui
795 3280 918 3346 bonam
940 3281 1101 3347 ecclesiae
1123 3281 1350 3347 Zamosciensi
1373 3302 1510 3368 operam
1533 3281 1705 3347 novabunt
1728 3280 1890 3367 dignique
1914 3279 1965 3345 vi·

470 3386 645 3452 dabuntur.
669 3387 710 3451 In
734 3386 805 3452 dies
828 3410 918 3473 vero,
946 3395 1047 3475 prout
1069 3410 1123 3454 me
1145 3387 1237 3453 Deus
1260 3387 1383 3455 iuverit
1406 3411 1445 3454 ao
1467 3388 1612 3453 maxime
1634 3388 1690 3453 ubi
1715 3396 1852 3474 sumptu
1875 3386 1966 3452 aedi-

469 3493 597 3559 ficandi
617 3494 824 3579 ornandique
843 3494 948 3581 ipsius
968 3494 1083 3581 templi
1104 3495 1234 3561 levatus
1253 3495 1358 3579 fuero,
1376 3495 1528 3582 pluribus
1552 3495 1779 3560 sacerdotibus
1803 3495 1966 3581 templum

470 3600 554 3666 illud
587 3601 704 3686 augeri
736 3601 859 3667 curabo
892 3601 999 3688 iisque
1021 3601 1127 3668 iustos
1151 3603 1281 3667 fructus
1305 3603 1346 3667 de
1370 3604 1453 3669 meis
1477 3602 1693 3668 facultatibus
1718 3602 1904 3688 assignabo.
1931 3601 1967 3668 Si

471 3708 594 3792 vivam,
617 3716 687 3773 tam
711 3708 858 3773 aedificii
881 3717 915 3774 et
939 3718 1212 3776 ornamentorum
1236 3717 1417 3797 sumptum,
1447 3733 1547 3796 quam
1569 3710 1739 3775 fructuum
1764 3709 1965 3776 aestimatio-

472 3836 549 3880 nem
581 3815 723 3880 MLXX
755 3816 961 3881 florenorum
992 3817 1050 3881 vix
1073 3839 1141 3882 non
1170 3839 1380 3883 excessuram
1403 3825 1494 3904 puto.
1527 3818 1643 3882 Altero
1667 3817 1782 3881 itidem
1805 3818 1887 3901 loco,
1911 3816 1967 3881 ubi

471 3921 561 3987 linea
584 3929 656 3987 erat
679 3922 850 4007 subducta,
873 3923 976 3988 verba
1000 3925 1041 3988 de
1064 3925 1282 4010 magistratus
1310 3924 1428 3990 urbani
1452 3933 1617 4012 potestate
1640 3924 1826 4010 instigandi
1849 3925 1967 3989 adver-

472 4051 528 4094 sus
553 4030 780 4116 praepositum
812 4031 1043 4116 negligentem
1067 4033 1221 4118 expunxi.
1254 4033 1590 4097 Animadversionem
1616 4033 1650 4096 in
1674 4055 1750 4097 eum
1773 4041 1879 4097 totam
1903 4032 1968 4097 loci

473 4135 642 4201 ordinario
666 4137 794 4222 reliqui.
818 4138 945 4202 Addidi
969 4138 1050 4203 item
1074 4140 1246 4224 quaedam,
1279 4139 1421 4224 quaein
1445 4139 1551 4203 literis
1574 4140 1657 4204 meis
1681 4148 1819 4225 propter
1841 4161 1967 4204 memo-

472 4243 541 4309 riae
573 4244 693 4309 vitium
727 4245 850 4310 omissa
881 4246 1026 4311 fuerunt.
1050 4247 1221 4312 Illustravi
1246 4247 1417 4332 quaedam,
1447 4269 1530 4332 quae
1554 4248 1589 4311 in
1612 4247 1732 4312 iisdem
1756 4248 1838 4311 meis
1862 4246 1967 4312 literis

473 4352 645 4418 obscurius
668 4354 855 4440 perscripta
879 4361 983 4419 erant.
1006 4354 1105 4439 Rogo
1129 4354 1242 4440 igitur,
1271 4363 1308 4419 ut
1331 4376 1369 4420 eo
1393 4354 1493 4419 modo
1517 4362 1714 4441 conceptam
1738 4354 1967 4419 confirmatio-

472 4482 550 4524 nem
582 4459 665 4524 mihi
694 4460 814 4526 mittat
849 4460 989 4545 Quare,
1012 4469 1084 4525 tum
1107 4483 1168 4547 pro
1193 4484 1253 4526 sua
1276 4461 1401 4548 pietate
1424 4461 1550 4526 cultum
1573 4462 1637 4526 Dei
1661 4461 1871 4547 propagabit,
1895 4468 1968 4525 tum

473 4588 528 4630 me
550 4566 659 4651 magis
684 4589 722 4632 ac
746 4568 855 4652 magis
879 4568 942 4633 sibi
966 4568 1155 4653 obstringat
1187 4576 1507 4653 monumentumque
1531 4568 1582 4632 sui
1605 4591 1686 4653 erga
1709 4591 1763 4632 me
1787 4567 1908 4632 amoris
1933 4567 1968 4630 in

473 4673 603 4739 familia
626 4697 700 4739 mea
724 4676 766 4740 ad
790 4676 916 4761 posteri
939 4677 1100 4762 temporis
1124 4676 1320 4741 memoriam
1343 4676 1558 4741 consecrabit.
1587 4675 1792 4740 Commendo
1816 4698 1870 4740 me
1893 4697 1966 4760 gra-

472 4781 539 4845 tiae
557 4781 687 4845 Ill-mae
707 4789 740 4846 et
759 4781 882 4846 R-mae
905 4782 945 4846 D.
965 4782 1105 4847 Vestrae
1129 4782 1333 4868 eandemque
1358 4782 1416 4847 diu
1438 4782 1522 4848 bene
1545 4783 1657 4847 valere
1680 4790 1769 4868 opto,
1792 4781 1968 4847 Zamoscio

474 4888 528 4954 die
550 4889 728 4954 XXVH·a
750 4888 876 4953 mensis
900 4888 1101 4954 Novembris
1125 4912 1213 4955 anno
1237 4889 1322 4954 D·ni
1348 4892 1440 4957 1588.

580 4995 766 5060 Ill-mae
798 5003 841 5060 et
872 4995 1021 5061 R-mae
1044 4997 1083 5062 D.
1107 4997 1302 5062 Vestrae
1334 4996 1793 5062 observandissimus
1827 4997 1967 5061 servi·

473 5113 545 5171 tor
576 5105 693 5171 Ioan.
726 5104 960 5171 Zamoislri
992 5106 1179 5172 cancell.
1213 5114 1256 5171 et
1288 5105 1525 5194 generalis
1559 5106 1832 5195 capitaneus
1866 5128 1917 5173 ss.
