4775 6225
508 736 564 791 400

509 893 610 961 tionis
633 894 733 960 factis
756 901 791 959 et
813 892 996 980 recognitis
1020 913 1151 958 necnon
1174 892 1217 958 de
1239 890 1394 957 omnibus
1418 898 1452 956 et
1475 890 1618 977 singulis
1642 891 1793 980 ipsarum
1812 892 2020 982 inscriptio·

508 1024 589 1067 num
612 1000 757 1088 punctis,
785 1000 942 1067 clausulis
975 1007 1009 1065 et
1031 998 1180 1065 articulis
1213 998 1474 1085 ligamentisque
1505 1004 1540 1063 et
1567 999 1826 1086 praerogativis,
1861 1007 1943 1066 tum
1978 1002 2021 1066 de

508 1108 663 1176 omnibus
686 1116 721 1174 et
743 1107 887 1195 singulis
911 1106 1136 1191 citationibus,
1163 1106 1273 1172 causis
1296 1113 1331 1172 st
1353 1105 1551 1191 actionibus,
1570 1128 1795 1193 processuque
1814 1107 2013 1192 iudiciario,

508 1216 638 1283 ratione
660 1217 843 1284 eorundem
866 1215 1039 1300 bonorum,
1061 1213 1242 1300 unicuique
1263 1235 1492 1302 personarum,
1521 1235 1634 1280 coram
1658 1235 1862 1301 quocunque
1884 1215 2012 1283 iuditio

510 1346 569 1390 seu
588 1323 706 1391 officio
720 1322 834 1410 Regni
849 1322 969 1409 quovis
988 1322 1089 1389 modo
1103 1321 1268 1387 institutis
1287 1328 1322 1388 et
1339 1321 1552 1410 prosequutis
1567 1328 1602 1387 et
1614 1320 1651 1386 in
1665 1343 1869 1409 quocunque
1882 1332 2017 1411 punctu

509 1438 544 1496 et
566 1431 675 1517 gradu
706 1429 788 1496 iuris
817 1428 1046 1517 dependendis
1074 1436 1108 1494 et
1131 1450 1208 1494 curn
1231 1428 1323 1495 omni
1355 1428 1435 1513 iure,
1454 1427 1612 1513 dominic,
1627 1429 1843 1516 proprietate,
1867 1431 2013 1519 propin·

509 1536 644 1624 quitate,
667 1536 832 1623 tituloque
854 1535 1076 1602 haereditario
1100 1535 1265 1602 bonorum
1283 1534 1521 1621 praefatorum,
1550 1535 1784 1622 universisque
1802 1547 1839 1602 et
1859 1538 2011 1624 singulis

510 1643 660 1732 ipsorum
691 1643 864 1728 motibus,
896 1641 1125 1730 proventibus,
1158 1641 1359 1726 redditibus,
1391 1642 1639 1727 emolumentis,
1671 1642 1934 1731 attinentiisque
1982 1653 2015 1711 et

509 1750 721 1839 pertinentiis
756 1749 944 1838 quibusvis,
976 1749 1062 1817 nihil
1094 1749 1228 1836 penitus
1252 1772 1293 1815 ex
1316 1748 1443 1815 eisdem
1471 1750 1568 1816 bonis
1591 1772 1631 1817 ao
1663 1750 1790 1817 iuribus
1812 1773 1879 1839 pro
1904 1774 1946 1819 se
1979 1761 2013 1818 et

510 1857 757 1928 successoribus
780 1856 848 1924 suis
876 1856 1098 1941 reservandis,
1121 1855 1181 1922 ssd
1205 1855 1360 1922 omuibus
1392 1855 1429 1921 in
1452 1878 1576 1943 genere
1599 1863 1633 1922 et
1655 1856 1798 1943 singulis
1832 1856 1872 1923 in
1895 1858 2015 1947 specis

511 1963 774 2053 comprehensis,
798 1968 899 2030 cessit
921 1970 956 2029 et
978 1961 1226 2047 condescendit,
1248 1962 1547 2051 praesentibusque
1579 1963 1669 2030 cedit
1699 1971 1734 2029 et
1756 1965 2015 2047 condescendit,

508 2080 670 2160 perpetue
693 2070 786 2137 etin
809 2092 929 2163 aevum
962 2069 1144 2162 omniaque
1164 2068 1247 2136 -iura
1278 2091 1340 2135 sua
1361 2069 1515 2157 praefata
1538 2076 1572 2135 et
1593 2069 1831 2157 inscriptiones
1867 2073 2012 2159 quasvis

509 2179 546 2244 in
573 2179 764 2267 praefatum
790 2178 837 2248 ill.
857 2172 1035 2244 Nicolaum
1059 2176 1339 2265 christophorum
1371 2176 1537 2243 Radziwil
1569 2177 1611 2242 de
1634 2176 1728 2243 Olica
1763 2184 1798 2243 et
1820 2178 2015 2245 Nieswiesz

510 2286 630 2352 ducem
662 2292 697 2352 et
718 2285 837 2372 Magni
859 2284 1010 2351 Duoatus
1041 2283 1221 2351 Lituaniae
1252 2306 1447 2371 supremum
1479 2286 1693 2370 marsalcum,
1725 2306 2012 2374 successoresque

510 2416 588 2461 suos
602 2394 772 2481 legitimos
790 2394 984 2479 transfudit,
997 2393 1170 2460 transtulit
1179 2399 1214 2459 et
1223 2392 1459 2480 incorporavit,
1469 2393 1766 2481 praesentibusque
1783 2395 2014 2480 transfundit,

510 2501 676 2567 transfert
693 2508 727 2567 et
740 2501 934 2589 incorporat
946 2500 1119 2589 perpetuis
1138 2508 1172 2566 et
1186 2499 1331 2567 aeternis
1354 2500 1570 2588 temporibus.
1593 2501 1733 2588 Iamque
1750 2524 1791 2566 ex
1809 2503 1905 2567 nunc
1920 2502 2018 2569 idem

514 2630 603 2694 mag.
617 2608 642 2674 J
643 2629 768 2674 oannes
782 2607 967 2694 Zamoyski
981 2608 1022 2673 de
1036 2607 1210 2673 Zamoscie
1233 2592 1292 2673 dat
1314 2614 1349 2673 et
1362 2608 1516 2674 concedit
1529 2608 1714 2696 plenariam
1728 2615 1763 2674 et
1776 2608 2018 2677 omnimodam

514 2715 710 2781 facultatem
724 2715 790 2801 ipsi
804 2715 1057 2802 praenominato
1076 2714 1121 2781 ill
1135 2715 1275 2790 Nicolao
1290 2714 1532 2801 christophoro
1550 2715 1717 2781 Radziwil
1731 2736 1855 2801 easque
1879 2739 2019 2803 causas,

513 2822 661 2888 actiones
684 2829 719 2887 et
741 2843 917 2909 processus
940 2821 1078 2909 quosvis
1101 2822 1232 2889 ratione
1254 2821 1419 2889 bonorum
1437 2844 1540 2909 supra
1562 2843 1796 2911 expressorum
1818 2822 2016 2891 intentatos

512 2936 547 2995 st
569 2929 741 2996 institutos
773 2928 950 3017 apunctis
983 2929 1131 2995 dimissis
1164 2929 1419 3015 continuandos,
1451 2929 1702 3017 prosequendos
1725 2936 1760 2995 et
1787 2930 1830 2995 ad
1854 2930 2018 2998 debitum

512 3035 620 3101 finem
643 3044 677 3102 et
700 3036 864 3104 effectum
897 3036 1110 3103 deducendos
1143 3036 1491 3124 determinandosqus,
1514 3043 1586 3102 tum
1609 3037 1728 3124 vigore
1751 3037 1939 3103 eorundem
1976 3061 2019 3104 ac

511 3144 741 3231 praefatorum
773 3144 897 3211 iurium
928 3144 1176 3211 transfusorum
1218 3144 1254 3210 in
1286 3145 1403 3211 eadem
1439 3145 1537 3232 bona,
1559 3146 1683 3211 realem
1719 3144 2017 3213 intromissionem

512 3258 546 3316 et
565 3252 729 3317 actualem
752 3251 997 3338 pacificamque
1019 3251 1249 3338 possesionem
1271 3274 1332 3340 per
1355 3251 1617 3337 ministerialem,
1640 3273 1873 3338 quemcunque
1897 3253 1943 3318 ad
1979 3253 2018 3319 id

513 3357 645 3424 duxerit
677 3358 742 3424 sibi
773 3359 974 3446 eligendum,
1007 3359 1257 3445 acceptandam,
1288 3358 1353 3425 hac
1384 3381 1444 3425 sua
1476 3359 1646 3446 praesenti
1672 3358 1905 3445 recognitione
1939 3383 2016 3426 me·

512 3465 663 3531 diante...
701 3467 775 3533 Dat.
808 3465 991 3532 Varsaviae
1023 3465 1077 3532 die
1113 3468 1153 3534 15
1187 3466 1362 3533 Februarii
1395 3490 1483 3534 anno
1515 3467 1597 3532 D·ni
1634 3469 1718 3535 1585
1751 3466 1863 3552 Regni
1897 3468 2016 3533 nostri

512 3593 601 3639 anno
624 3594 754 3640 ncnc...
771 3576 800 3652 ¹).

622 3774 641 3836 ¹)
659 3768 725 3821 Por.
747 3768 927 3834 Tarnawski,
946 3767 1131 3822 Dzialalnosd
1151 3768 1387 3839 gospcdarcza...
1408 3787 1430 3821 s.
1450 3770 1546 3823 34-5.
1572 3769 1627 3820 Akt
1644 3773 1688 3821 ten
1714 3768 1811 3835 koriczy
1830 3769 1892 3836 spo'r
1915 3786 1930 3820 z
1953 3770 2016 3823 Ra-

512 3859 678 3912 dziwillami
695 3867 810 3927 cpcsag
824 3859 971 3928 piencszej
987 3865 1054 3926 tcny
1072 3859 1270 3927 Zamoyskicgq
1289 3859 1423 3927 Kaystyny
1441 3859 1678 3926 Radaiwille'wuy.

513 4185 545 4253 3.
594 4182 725 4267 llltolal
748 4183 889 4268 llrrysrt.
910 4182 1087 4267 Radrlwlll,
1108 4182 1272 4252 lulenlan
1292 4183 1405 4252 ewulm
1430 4183 1438 4250 l
1464 4183 1573 4268 saycli
1594 4182 1692 4267 tract,
1717 4182 1824 4250 blena
1844 4199 1873 4248 w
1894 4182 2012 4267 acala·

515 4291 611 4360 faule
636 4290 675 4359 cd
700 4291 934 4378 zanoystlaqo
959 4307 1061 4377 posaq
1085 4290 1161 4377 leuc
1186 4290 1322 4375 rnarlel
1346 4292 1428 4376 lucy
1452 4291 1607 4376 llrystyny
1631 4309 1648 4358 r
1673 4288 1892 4358 lladrlwllltw

1555 4400 1757 4474 Warszawa,
1787 4397 1828 4463 15
1850 4394 1887 4459 H
1916 4398 2011 4464 1585.

621 4593 703 4646 Arch.
726 4592 837 4646 Glc'wnc
855 4608 880 4644 w
904 4593 1080 4652 Warrzcwr'e,
1101 4592 1186 4645 Metr.
1207 4593 1263 4644 ker.
1283 4605 1336 4655 131
1348 4592 1376 4660 f
1393 4603 1514 4654 30-31.
1544 4590 1705 4657 Nagldwck:
1725 4589 1769 4643 Ill.
1793 4588 1928 4643 Radzivil
1953 4590 2011 4644 dux

514 4682 543 4736 in
563 4681 644 4736 Olica
663 4686 692 4735 et
711 4681 869 4735 Nieswiesz
889 4680 927 4733 ill.
948 4681 1150 4735 cancellarium
1171 4681 1292 4750 quietat.

622 4867 815 4955 Stephanus
840 4875 900 4932 etc.
925 4866 1166 4952 significamus
1190 4874 1251 4932 etc.
1285 4866 1381 4946 Quod
1414 4888 1610 4953 comparens
1642 4865 1863 4952 personaliter
1896 4888 2013 4932 coram

515 4975 611 5041 nobis
626 4974 757 5041 stactis
781 4974 997 5040 cancellariae
1016 4980 1150 5039 nostrae
1169 4973 1214 5039 ill.
1230 4974 1384 5041 Nicolaus
1404 4973 1664 5060 Christopherus
1678 4972 1844 5039 Radzivvil
1858 4971 1901 5038 de
1917 4973 2014 5039 Olica

515 5082 607 5148 etin
625 5081 808 5149 Nieswiesz
828 5082 895 5148 dux
924 5089 958 5147 et
989 5081 1107 5167 Magni
1134 5082 1285 5148 Duoatus
1308 5080 1509 5147 Lithuaniae
1537 5103 1712 5169 supremus
1740 5078 2013 5147 marschalcus...
