4775 6225
498 732 553 794 m

498 897 553 969 21.
598 897 834 987 laceratione
858 897 1037 970 aalma
1614 898 1766 978 Zamosa
1788 900 1810 966 6
1832 897 1871 963 Χ
1897 900 2000 967 1588.

689 1114 848 1197 Paszport
868 1114 926 1177 dla
947 1112 1086 1178 orszaku
1104 1116 1200 1197 posia
1222 1113 1439 1196 angislska'egv
1462 1113 1622 1179 Wilrizma
1644 1114 1821 1177 Harbome.

608 1324 727 1395 Oxsord,
745 1323 912 1387 Bodleiano,
935 1324 1048 1379 Tanner
1066 1336 1112 1392 79,
1130 1326 1155 1377 k.
1176 1336 1226 1392 γρ·
1247 1323 1329 1394 Oryg.
1354 1341 1371 1377 ι
1394 1323 1623 1393 demergam
1645 1324 1781 1394 podptrem
1806 1326 1819 1376 i
1836 1325 1996 1393 ps'eczqtkq.

604 1521 755 1589 Joannes
778 1519 951 1587 Zamoislri
974 1521 1017 1587 de
1039 1520 1214 1588 Zamoscie
1244 1520 1343 1607 regni
1373 1519 1535 1587 Poloniae
1567 1542 1742 1608 supremus
1774 1518 1996 1586 cancellarius

497 1636 533 1697 et
555 1628 687 1696 exercit
711 1627 888 1716 generalis,
910 1628 1094 1714 Belzensis,
1112 1628 1427 1716 Mariaeburgensis‚
1445 1627 1682 1713 Onissinensia
1699 1626 1994 1711 Miedzerecensis,

498 1736 788 1823 Grudecensisque
810 1743 864 1802 ete
886 1736 1090 1824 capitaneus.

604 1843 781 1911 Universis
803 1850 838 1910 et
860 1842 1003 1930 singulis
1026 1844 1070 1910 ad
1093 1865 1177 1930 quos
1200 1850 1393 1931 praesentes
1416 1842 1480 1909 hae
1501 1842 1727 1931 pervenerint
1749 1842 1900 1928 salutem,
1920 1849 1994 1909 stu·

498 1950 563 2037 dia,
580 1949 763 2045 officiaque
780 1972 841 2017 sua
859 1950 977 2017 defert
996 1949 1082 2017 Cum
1100 1950 1145 2018 ill.
1169 1951 1279 2016 dnus.
1296 1950 1483 2016 Guilelmus
1501 1950 1661 2017 Harffort
1682 1971 1826 2016 ser-mae
1843 1949 1994 2035 Angliae

479 2050 637 2146 'reginae
668 2059 712 2125 ad
745 2080 909 2125 ser-mum
932 2057 1117 2124 Turcarum
1140 2058 1378 2146 imperatorem
1400 2066 1514 2125 crater
1540 2057 1833 2146 Constantinopoli
1856 2056 1992 2123 rediens

496 2164 562 2232 huc
584 2165 774 2232 transiisset
785 2166 817 2248 ¹),
839 2165 1020 2252 literaeque
1042 2164 1172 2252 Regiae
1203 2163 1300 2232 ll-tis
1333 2164 1407 2230 d-ni
1438 2164 1548 2231 nostri
1578 2163 1837 2247 clementissimi,
1869 2163 1992 2251 quibus

497 2273 689 2341 cumomni
711 2272 874 2340 comitatu
896 2294 935 2339 ac
957 2272 1057 2339 rebus
1080 2273 1150 2339 suis
1173 2295 1234 2361 per
1257 2272 1401 2340 ditiones
1424 2272 1555 2359 Regiae
1582 2272 1679 2338 lul-tis
1702 2272 1804 2339 eundi
1826 2272 1928 2360 plena
1950 2293 1991 2338 ac

496 2379 601 2447 libera
624 2379 768 2446 facultas
791 2378 823 2446 ei
845 2379 899 2465 sit
921 2379 1005 2446 mihi
1028 2379 1241 2465 ostendisset
1264 2380 1355 2467 quod
1377 2379 1451 2467 ipse
1473 2402 1494 2446 a
1515 2378 1678 2446 comitatu
1700 2400 1762 2446 suo
1776 2400 1992 2467 praecurrere

497 2486 735 2571 constituisset,
757 2493 797 2551 ut
818 2486 900 2552 alias
923 2486 1046 2572 literas,
1070 2486 1191 2573 quibus
1214 2486 1247 2571 ii,
1279 2485 1338 2573 qui
1359 2486 1456 2553 illum
1487 2508 1565 2552 cum
1596 2485 1748 2553 curribus
1779 2485 1907 2573 aliquot
1939 2508 1991 2551 se·

497 2600 679 2680 querentur
710 2599 783 2660 tuto
814 2593 1007 2679 transirent,
1038 2592 1104 2660 sibi
1134 2593 1352 2681 impertirem,
1379 2615 1400 2659 a
1430 2616 1485 2660 me
1516 2592 1623 2681 petiit
1654 2594 1696 2660 Id
1728 2614 1792 2680 ego
1819 2614 1897 2659 cum
1920 2614 1991 2659 non

497 2700 597 2767 medo
633 2698 820 2766 communis
856 2699 1075 2766 humanitatis
1112 2722 1222 2785 causa,
1258 2722 1377 2767 verum
1399 2700 1443 2767 ob
1474 2699 1709 2766 auctoritatem
1731 2699 1833 2765 etiam
1854 2699 1987 2785 Regiae
2083 2714 2085 2718 ·

498 2806 598 2873 lli-tis
620 2828 690 2873 non
712 2807 907 2893 negandum
925 2806 957 2872 ei
979 2814 1143 2893 putarem,
1174 2806 1276 2874 hasce
1307 2807 1338 2874 ei
1370 2808 1450 2874 dare
1476 2806 1578 2893 volui,
1605 2807 1726 2894 quibus
1743 2813 1823 2894 pete
1850 2811 1891 2872 ab
1919 2828 1992 2873 om·

497 2912 596 2979 nibus
619 2920 654 2978 et
676 2911 828 2999 singulis,
851 2912 1014 2980 militibus
1036 2936 1117 2981 vero
1135 2914 1209 2980 iure
1231 2914 1334 2980 etiam
1356 2914 1574 3001 magistratus
1597 2914 1665 2980 mei
1687 2914 1820 2997 mando,
1850 2921 1890 2979 ut
1920 2935 1991 2980 non

497 3021 598 3087 modo
616 3026 690 3087 tuto
712 3042 752 3086 ac
775 3042 891 3087 secure
913 3042 1029 3087 omnes
1052 3020 1159 3109 ipsius
1182 3043 1261 3088 cum
1283 3043 1401 3088 currus
1423 3028 1497 3088 tum
1519 3021 1673 3088 homines
1697 3020 1841 3087 transire
1864 3020 1989 3105 sinant,

496 3149 615 3195 verum
638 3126 764 3195 officiis
787 3128 889 3194 etiam
912 3136 1012 3216 atque
1035 3128 1234 3196 auctoritate
1256 3151 1325 3214 sua,
1348 3128 1379 3195 si
1402 3129 1522 3215 quibus
1545 3128 1582 3194 in
1608 3128 1709 3195 rebus
1741 3149 1826 3216 opus
1858 3127 1899 3194 iis
1932 3127 1990 3194 ha·

496 3234 639 3320 buerint,
662 3256 719 3301 eos
741 3243 995 3322 prosequantur.
1040 3236 1178 3303 Facturi
1201 3258 1273 3302 rem
1295 3236 1332 3301 in
1354 3243 1469 3302 tantae
1490 3235 1653 3324 principis
1676 3234 1849 3301 ministros
1868 3233 1988 3300 huma-

495 3342 602 3408 nitate
620 3364 681 3408 sua
699 3341 847 3428 dignam,
870 3342 954 3408 mihi
984 3352 1096 3409 autem
1129 3343 1366 3430 gratissimam
1389 3344 1432 3409 In
1460 3363 1602 3430 quorum
1626 3342 1731 3408 fidem
1754 3341 1854 3407 hasce
1886 3364 1990 3409 manu

496 3472 572 3515 mea
600 3448 783 3536 subscripsi
815 3449 1031 3537 sigillumque
1053 3474 1165 3516 meum
1189 3451 1339 3538 apposui.
1362 3450 1538 3516 Zamoscio
1562 3453 1582 3517 6
1606 3449 1760 3515 Octobris
1787 3452 1880 3517 1588.

602 3557 727 3622 Joan.
751 3556 986 3622 Zamoiski
1009 3557 1049 3623 R.
1074 3559 1110 3623 P.
1135 3557 1323 3623 cancell.
1348 3566 1391 3622 et
1414 3557 1653 3643 generalis
1677 3578 1767 3643 cap.
1791 3563 1866 3621 est

606 3772 626 3838 ¹)
661 3770 775 3823 Wiliam
794 3770 954 3832 Harbornc,
967 3770 1046 3840 posci
1063 3770 1200 3838 angiclski
1217 3787 1242 3822 w
1259 3770 1524 3840 Konstantynopolu,
1548 3770 1657 3823 wracal
1674 3772 1805 3824 woiaczas
1821 3777 1905 3839 praes
1924 3769 1992 3824 Pol·

495 3860 541 3928 εἱς
558 3861 592 3913 do
611 3860 745 3927 Londynu
763 3859 945 3929 (Dictionary
970 3861 1001 3913 ol
1025 3859 1163 3914 National
1188 3859 1358 3930 Biography
1384 3860 1493 3929 XXIV,
1520 3879 1543 3916 s.
1569 3860 1705 3927 316-1Ί;
1732 3859 1856 3929 Lepszy‚
1885 3857 1991 3912 Wallra

496 3948 678 4017 stronnictw,
700 3950 759 4016 158,
778 3965 877 4019 przyp.
896 3949 938 4019 4).

496 4325 550 4395 ³⁰.
599 4324 780 4411 lustrulcla
805 4325 857 4395 ela
883 4326 1011 4396 casleu
1037 4326 1203 4413 tlllctana,
1229 4327 1324 4414 pcata
1350 4328 1471 4397 mlaata
1497 4328 1573 4415 ayn!
1598 4327 1639 4397 de
1664 4327 1898 4413 lameyatlage

1568 4435 1681 4521 Ryga,
1705 4437 1806 4517 26116
1830 4433 1866 4497 X
1894 4435 1989 4501 1588.

497 4649 593 4711 Rada
617 4671 657 4712 m.
682 4648 771 4730 Rygr'
785 4650 894 4731 poleca
917 4650 1128 4723 Hilclzenowi,
1150 4651 1213 4730 uby
1245 4649 1404 4731 wyjizlm'l
1432 4649 1688 4730 Zamoyskicmu,
1720 4656 1756 4712 ἐι
1787 4648 1904 4710 miasto
1937 4647 1992 4709 nie

495 4755 660 4820 odmawia
677 4756 844 4838 przyszff
869 4756 1009 4829 kro'lowi,
1041 4758 1093 4819 ale
1108 4757 1203 4838 prosi
1234 4757 1317 4838 tylko
1348 4778 1366 4820 0
1398 4756 1560 4821 odiosenie
1580 4755 1725 4819 alotenia
1754 4754 1919 4836 praysifgi
1948 4756 1989 4817 do

494 4863 744 4925 zatwierdzenia
768 4864 919 4926 wolnctct'
940 4863 1049 4943 relzgii
1070 4863 1221 4946 (augsb.),
1239 4864 1459 4946 przywileyb'w
1479 4863 1493 4926 i
1510 4862 1732 4944 roaputrzem'a
1744 4861 1989 4941 grawamino‘w

496 4969 667 5049 miejskiclz.
701 4969 784 5031 Kro'l
812 4970 874 5031 dal
896 4971 1020 5050 poslom
1053 4970 1173 5050 ryskim
1206 4971 1388 5053 adpowiedc
1421 4969 1635 5051 nieaycsliwq.
1670 4971 1790 5048 Prossq
1818 4968 1898 5047 tedy,
1926 4968 1990 5047 aby

494 5076 670 5156 Zamoyski
691 5077 838 5139 wstawil
857 5077 904 5158 si(
926 5098 957 5139 w
981 5076 1273 5161 najwaanieylrych
1302 5078 1475 5160 punktuclz,
1506 5076 1617 5140 sanim
1641 5075 1788 5158 Rys‘anie
1816 5076 1893 5155 bedu
1918 5096 1989 5136 mu-
