4775 6225
1925 767 1943 823 8

445 934 685 1019 Pekoslsvio³l
717 935 807 1003 Sino.
830 934 952 1001 Vestra
976 932 1102 1018 scribit,
1125 955 1164 999 ea
1186 932 1235 998 ita
1257 955 1294 999 se
1316 931 1447 1017 habere,
1470 939 1505 997 et
1527 953 1584 998 eos
1607 953 1723 998 omnes
1746 931 1819 1017 hac,
1843 952 1943 1018 quem

448 1042 509 1108 illis
527 1042 636 1124 addit,
659 1042 950 1109 commendatione
968 1042 1090 1129 dignos
1109 1061 1182 1106 esse
1201 1038 1423 1126 agnoscimus.
1443 1038 1599 1106 Ceterum
1618 1023 1751 1126 praeter
1769 1038 1830 1105 hos
1849 1037 1944 1105 venit

448 1149 542 1216 nobis
556 1149 593 1214 in
608 1157 757 1216 mentem
767 1154 795 1232 ⁸)
808 1148 932 1215 Boneri
947 1146 1112 1237 capitanei
1126 1148 1235 1213 nostri
1249 1146 1523 1230 Rebstinensis4),
1538 1145 1592 1211 oui
1605 1145 1758 1233 repetitis
1771 1144 1942 1212 multoties

449 1258 623 1344 promissis
643 1264 804 1341 tenemur,
826 1277 906 1322 nam
929 1264 964 1322 et
986 1277 1101 1322 recens
1125 1254 1307 1321 castellano
1321 1252 1519 1338 Vilnensil),
1542 1275 1619 1319 cum
1641 1276 1662 1318 a
1683 1251 1781 1319 nobis
1806 1253 1945 1319 Grodna

449 1364 644 1448 discederet,
668 1364 711 1430 de
729 1385 768 1430 eo
791 1362 1051 1450 appromisimus
1073 1361 1234 1427 nimirum
1257 1360 1421 1427 rationem
1444 1382 1506 1426 nos
1529 1359 1645 1448 ipsius,
1668 1359 1698 1425 si
1721 1358 1801 1446 quid
1824 1380 1946 1425 vacare

449 1472 646 1558 contigeret
678 1471 860 1556 habituros,
893 1469 1096 1557 permultum
1128 1475 1240 1534 autem
1272 1467 1314 1533 ad
1339 1467 1540 1553 dignitatem
1562 1474 1714 1533 nostram
1736 1465 1885 1550 interest,
1907 1472 1946 1531 ut

449 1579 560 1663 verba
581 1580 701 1666 quibus
721 1601 783 1645 nos
802 1577 1051 1661 obstrinximus‚
1070 1577 1199 1665 reipsa
1217 1583 1434 1664 praestemus.
1458 1574 1554 1655 Quod
1573 1574 1615 1640 ad
1635 1575 1761 1641 Geram
1773 1575 1798 1655 θ)
1816 1574 1946 1658 attinet,

450 1710 522 1753 eam
546 1687 576 1752 si
601 1686 747 1773 cuipiam
770 1684 917 1770 existis,
950 1706 1033 1771 quos
1057 1683 1145 1751 Sino.
1169 1683 1291 1750 Vestra
1313 1682 1482 1770 proponit,
1504 1682 1715 1748 conferemus
1738 1703 1778 1747 ee
1808 1679 1947 1765 ratione,

449 1803 486 1860 ut
508 1794 709 1859 Lezaiscum
721 1794 745 1876 1)
766 1791 1002 1875 Urovieoaio⁸)
1024 1813 1086 1880 pro
1109 1812 1149 1856 ea
1167 1790 1273 1875 cedat,
1295 1789 1449 1856 videmus
1473 1811 1558 1874 eum,
1581 1788 1636 1855 oui
1658 1787 1818 1876 obtigerit
1840 1787 1947 1853 nihilo

451 1900 559 1987 magis
593 1906 790 1967 contentum
822 1898 905 1983 fore,
938 1920 1038 1985 quam
1061 1898 1090 1963 si
1112 1897 1199 1963 nihil
1221 1896 1396 1983 acciperet
1418 1896 1479 1963 sed
1500 1904 1614 1963 tamen
1637 1903 1743 1962 totam
1765 1918 1837 1961 rem
1860 1895 1948 1961 hano

452 2009 493 2074 ed
511 2015 666 2074 nostrum
685 2028 763 2072 cum
786 2005 874 2073 Sino.
898 2005 1020 2072 Vestra
1043 2027 1260 2093 congressum
1284 2004 1484 2071 differimus.
1507 2004 1560 2069 De
1583 2003 1717 2070 abbatia
1739 2002 1772 2070 S.
1795 2002 1948 2085 Oruoisl)

452 2137 519 2181 non
551 2113 741 2180 difficulter
772 2113 803 2180 d„
827 2112 984 2201 episcopo
1008 2111 1223 2179 cracoviensi
1236 2113 1274 2196 ιο)
1296 2110 1563 2196 concederemus,
1585 2112 1686 2178 modo
1708 2110 1866 2177 idoneum
1890 2110 1947 2176 ali-

454 2244 552 2309 quem
570 2221 607 2287 in
625 2243 666 2288 ee
688 2220 879 2300 constituet,
902 2220 1037 2287 tametsi
1059 2220 1196 2287 Zavaoii
1218 2218 1371 2286 canonici
1385 2219 1618 2286 cracoviensis
1631 2221 1670 2300 ¹¹)
1697 2218 1862 2285 rationem
1884 2239 1946 2285 nos

454 2328 575 2395 habere
597 2331 776 2416 oporteret,
799 2327 828 2392 si
851 2349 925 2393 eam
948 2326 1150 2416 posthabere
1173 2334 1207 2393 et
1229 2326 1404 2413 negligere
1427 2327 1540 2412 nollet,
1567 2326 1625 2412 qui
1647 2333 1762 2392 tamen
1784 2324 1947 2413 superiori

454 2443 603 2523 tempore
635 2442 774 2523 propter
804 2434 973 2501 tenuiores
1004 2433 1149 2501 forsitan
1180 2433 1331 2500 redditus
1364 2455 1439 2499 eum
1466 2441 1648 2521 spreverat
1672 2431 1834 2520 Onpimus
1859 2432 1947 2498 Sino.

454 2542 609 2609 Vestram
623 2541 708 2608 bene
721 2541 841 2609 valere.
855 2541 982 2608 Datum
994 2540 1031 2606 in
1045 2538 1574 2623 Sziemiari02012)v11sanuarii
1588 2541 1628 2607 Α,
1642 2540 1683 2606 D.
1697 2538 1949 2625 MDLXXXV,

456 2649 552 2736 regni
575 2649 682 2716 nostri
704 2671 802 2716 ncnc.

562 2757 826 2846 Stephanus
849 2758 942 2824 Rex
964 2779 1023 2846 sp.

562 2988 584 3056 ¹)
601 2987 726 3058 Andrrej
742 2986 953 3056 Zcbrzydmski,
967 2988 1118 3057 podcsarsy
1136 2988 1264 3055 korcnny.

563 3079 584 3147 ¹)
601 3075 758 3132 Sanctae
779 3077 947 3132 Tammski.

562 3165 758 3236 perunctae
781 3166 974 3235 Pfkcslawrki,
993 3169 1135 3220 rotmistrz
1153 3167 1264 3237 jezdny,
1282 3170 1406 3220 starosta
1425 3167 1636 3231 mrimburski,
1652 3183 1713 3237 gen.
1732 3170 1870 3225 tomum
1888 3172 1950 3226 Μ-

458 3256 549 3310 Ievski
571 3273 597 3309 w
621 3256 792 3326 Instantaclr,
813 3255 892 3326 pose?
914 3257 1114 3310 randmierrki
1132 3259 1144 3308 ι’
1161 3256 1317 3310 marsnam
1334 3257 1420 3328 sejmu
1438 3259 1523 3323 1585.
1542 3257 1643 3311 Zmarl
1658 3275 1683 3311 a
1701 3257 1775 3330 Ζίριν
1793 3262 1871 3325 1588
1880 3262 1952 3332 jako

458 3349 578 3401 starosta
598 3346 797 3399 randmierski
813 3349 826 3397 i
843 3345 1047 3399 marienburski
1063 3362 1089 3398 w
1107 3345 1268 3416 Inflantach
1287 3345 1384 3413 (Arch.
1403 3346 1432 3402 J.
1452 3347 1532 3401 Zam.
1552 3347 1601 3401 111
1619 3364 1654 3401 nr
1672 3349 1725 3404 768
1744 3366 1799 3404 uw.
1819 3350 1855 3418 3).

562 3438 584 3505 ⁴)
602 3433 728 3503 Smtryn
746 3435 873 3489 Bonerr
892 3435 983 3490 Balic.

563 3527 585 3594 ι)
603 3523 744 3593 Eustachy
768 3524 932 3588 Wottcwica
951 3541 1080 3579 aaronem
1098 3524 1227 3579 kanclerz
1246 3526 1289 3578 tit.

563 3615 691 3686 ⁸)Zdaje
708 3619 749 3683 sip
769 3614 846 3669 Gdra
865 3614 1023 3669 Kalauria.

564 3707 585 3773 7)
604 3704 728 3775 Letajsk,
742 3707 842 3758 ariasto
856 3705 944 3775 lctqcc
957 3722 996 3759 na
1010 3704 1101 3773 Ιιυγηι
1116 3705 1216 3773 baegu
1234 3703 1317 3760 Sanu
1335 3722 1360 3758 a
1378 3706 1502 3773 darom
1520 3705 1581 3777 νο).
1599 3707 1839 3767 sandomierrkim
1856 3708 1954 3761 chodae·

459 3794 536 3865 Μαι)
557 3809 574 3847 o
597 3796 743 3847 starosrao
768 3795 909 3866 wakujrpce
929 3802 965 3864 pc
989 3795 1100 3849 tmicrci
1116 3794 1279 3848 Baltasara
1298 3795 1537 3862 Latomierrkiegc,
1555 3799 1676 3863 starcsty
1693 3794 1855 3868 lesajskicgo
1872 3800 1885 3848 i
1901 3801 1953 3850 sic·

458 3885 603 3949 radzkago
620 3880 718 3951 (Arch.
736 3883 764 3938 J.
784 3881 864 3937 Zam.
885 3883 933 3937 III
952 3882 1017 3937 dod.
1037 3899 1072 3937 nr
1090 3885 1144 3954 33).

565 3977 587 4042 ⁸)
604 3973 730 4046 Mikolaj
757 3973 909 4028 Urowiccki
933 3991 956 4028 a.
984 3973 1163 4038 Ultrowiecki,
1181 3976 1322 4029 ancusae
1339 3974 1487 4030 kanclersa
1506 3975 1590 4047 (sbyj
1606 3975 1803 4045 Zamcyskiegc,
1822 3976 1953 4039 Florian,

458 4063 529 4117 nid
551 4081 588 4117 aa
612 4070 679 4132 tone
702 4064 863 4133 Katarrm
891 4063 1072 4136 Urowicckqt
1091 4065 1240 4136 procoma?
1254 4067 1428 4136 pocqukowc
1445 4082 1471 4118 w
1489 4064 1646 4137 mathkach
1665 4066 1861 4135 Zamoyskr'cgc,
1881 4086 1914 4120 m.
1934 4071 1953 4120 i.

458 4169 486 4205 υ
499 4153 655 4221 Knyssym'e.
681 4152 720 4206 W
731 4157 821 4207 czaris
837 4155 923 4225 wojen
942 4154 1140 4208 moskiewskiclr
1158 4156 1299 4221 Batorego
1316 4154 1453 4218 dovodail
1463 4153 1590 4225 puckctq
1610 4153 1776 4225 szlachcckq.
1799 4156 1954 4225 Odznaczyl

457 4247 499 4310 riq
517 4243 573 4313 ped
596 4243 742 4296 Prkovcm.
774 4255 813 4309 29
838 4243 906 4298 XII
926 4245 1001 4310 1582
1025 4243 1117 4297 rosta?
1137 4246 1343 4314 wprowadzony
1361 4251 1446 4314 pnes
1467 4242 1497 4306 J.
1516 4243 1706 4312 Zamoyskicgo
1723 4261 1763 4297 na
1782 4257 1873 4315 uraca
1886 4247 1954 4315 pod-

457 4335 577 4400 starosty
599 4332 800 4399 bamsks'egc
825 4330 921 4399 (Arch.
945 4332 975 4387 J.
994 4331 1088 4401 Zam.;
1112 4332 1304 4387 Heidenstein
1323 4333 1369 4401 R„
1393 4333 1501 4387 Rerum
1520 4333 1744 4403 polonicorum...
1763 4333 1829 4388 libri
1847 4353 1868 4388 s
1890 4336 1953 4402 167;
2070 4372 2074 4381 «

460 4418 565 4474 Gorski
590 4421 772 4492 Konstanty,
796 4420 928 4476 Historia
952 4421 1090 4492 piachoty
1116 4421 1240 4492 polskiej
1267 4439 1289 4476 s.
1309 4423 1358 4490 343
1387 4421 1546 4476 Strzelecki
1571 4421 1674 4493 Adam,
1694 4422 1799 4478 Udzial
1822 4423 1953 4494 szlachty

460 4509 543 4563 marni
568 4508 740 4580 chebnslriej
760 4527 788 4565 w
806 4510 930 4565 rohoszu
950 4509 1245 4582 Zebrzydowskicgo.
1263 4511 1375 4581 Ksiega
1392 4511 1590 4581 pamiatkowa
1608 4511 1647 4567 ku
1666 4513 1726 4566 caci
1744 4513 1816 4583 prof.
1837 4513 1882 4567 W.
1903 4512 1953 4567 So·

460 4598 617 4671 bieskiego,
631 4599 758 4670 Cieszyn
778 4600 864 4668 1932).
1034 4618 1036 4622 ⁸

565 4691 588 4756 ⁹)
609 4688 739 4760 Opactroo
763 4689 986 4758 bmedykryasksa
1011 4689 1233 4758 fioiftokrzyskie,
1257 4692 1302 4743 nie
1320 4688 1416 4743 dalekc
1438 4690 1571 4759 oparowa
1590 4707 1629 4743 aa
1647 4689 1729 4761 Lysej
1747 4691 1839 4748 Gdrse
1856 4690 1954 4758 (Slow.

461 4794 558 4848 geogr.
586 4776 610 4832 V
634 4795 657 4834 s.
675 4778 742 4847 8523
771 4777 864 4832 Gacki
886 4777 974 4834 Jezef
991 4777 1044 4846 lta,
1068 4775 1312 4850 Benedyktyriski
1331 4777 1461 4832 klasztor
1478 4777 1530 4832 ἐπ.
1549 4779 1666 4849 Krayta
1685 4795 1723 4832 ne
1741 4779 1831 4850 hysej
1852 4778 1955 4846 Gerre,

462 4867 630 4922 Warszewa
656 4868 726 4924 1873
751 4885 773 4922 s.
793 4869 846 4936 88).
875 4867 920 4922 Od
936 4885 960 4921 r.
980 4871 1171 4935 1584—1593
1197 4867 1242 4935 ty?
1258 4871 1362 4938 opatcm
1381 4868 1490 4939 Macr'cj
1506 4867 1629 4922 Lcsr'ecki
1646 4885 1662 4920 s
1680 4869 1789 4922 rakmu
1807 4870 1955 4936 cystersdw.

567 4961 601 5026 ¹⁰)
619 4957 707 5011 Piotr
722 4956 923 5025 Mysrkowski

566 5123 591 5187 ι)
610 5117 654 5172 Po
672 5122 800 5172 mentem
819 5117 888 5172 brak
899 5119 1043 5189 poderim
1061 5125 1120 5188 np.:
1138 5117 1318 5189 supplicium.
