<?xml version="1.0" encoding="UTF-8"?>
<!DOCTYPE html PUBLIC "-//W3C//DTD XHTML 1.0 Transitional//EN"
    "http://www.w3.org/TR/xhtml1/DTD/xhtml1-transitional.dtd">
<html xmlns="http://www.w3.org/1999/xhtml" xml:lang="en" lang="en">
 <head>
  <title>
</title>
<meta http-equiv="Content-Type" content="text/html;charset=utf-8" />
  <meta name='ocr-system' content='tesseract 3.04.00' />
  <meta name='ocr-capabilities' content='ocr_page ocr_carea ocr_par ocr_line ocrx_word'/>
</head>
<body>
  <div class='ocr_page' id='page_1' title='image "archiwumjanazam03sobigoog_0503.png"; bbox 0 0 4775 6225; ppageno 0'>
   <div class='ocr_carea' id='block_1_1' title="bbox 442 714 1960 965">
    <p class='ocr_par' dir='ltr' id='par_1_1' title="bbox 442 714 1960 965">
     <span class='ocr_line' id='line_1_1' title="bbox 442 714 497 774; baseline 0 0"><span class='ocrx_word' id='word_1_1' title='bbox 442 714 497 774; x_wconf 79' lang='lat' dir='ltr'>seo</span> 
     </span>
     <span class='ocr_line' id='line_1_2' title="bbox 444 871 1960 965; baseline -0.005 -15"><span class='ocrx_word' id='word_1_2' title='bbox 444 876 477 950; x_wconf 72' lang='grc' dir='ltr'>ι</span> <span class='ocrx_word' id='word_1_3' title='bbox 514 878 642 952; x_wconf 69' lang='lat' dir='ltr'>nanu</span> <span class='ocrx_word' id='word_1_4' title='bbox 668 874 1172 965; x_wconf 55' lang='lat' dir='ltr'>sustentamentum</span> <span class='ocrx_word' id='word_1_5' title='bbox 1483 871 1960 961; x_wconf 75' lang='lat' dir='ltr'>Augsuurg‚111vrsaa</span> 
     </span>
    </p>
   </div>
   <div class='ocr_carea' id='block_1_2' title="bbox 447 1088 1963 1263">
    <p class='ocr_par' dir='ltr' id='par_1_2' title="bbox 447 1088 1963 1263">
     <span class='ocr_line' id='line_1_3' title="bbox 447 1088 1963 1177; baseline -0.005 -16"><span class='ocrx_word' id='word_1_6' title='bbox 447 1092 491 1161; x_wconf 82' lang='lat' dir='ltr'>co</span> <span class='ocrx_word' id='word_1_7' title='bbox 524 1093 574 1176; x_wconf 62' lang='lat' dir='ltr'>sie</span> <span class='ocrx_word' id='word_1_8' title='bbox 608 1092 709 1158; x_wconf 61' lang='grc' dir='ltr'>πότνι’</span> <span class='ocrx_word' id='word_1_9' title='bbox 742 1114 761 1158; x_wconf 86' lang='lat' dir='ltr'>o</span> <span class='ocrx_word' id='word_1_10' title='bbox 795 1091 966 1177; x_wconf 71' lang='lat' dir='ltr'>ammach</span> <span class='ocrx_word' id='word_1_11' title='bbox 995 1090 1141 1175; x_wconf 65' lang='lat' dir='ltr'>poam</span> <span class='ocrx_word' id='word_1_12' title='bbox 1171 1111 1205 1156; x_wconf 79' lang='lat' dir='ltr'><strong><em>w</em></strong></span> <span class='ocrx_word' id='word_1_13' title='bbox 1226 1088 1438 1158; x_wconf 67' lang='lat' dir='ltr'>umacus</span> <span class='ocrx_word' id='word_1_14' title='bbox 1459 1088 1609 1174; x_wconf 74' lang='lat' dir='ltr'>Nominy</span> <span class='ocrx_word' id='word_1_15' title='bbox 1637 1089 1850 1175; x_wconf 74' lang='lat' dir='ltr'>politycsne</span> <span class='ocrx_word' id='word_1_16' title='bbox 1871 1110 1894 1154; x_wconf 78' lang='lat' dir='ltr'>a</span> <span class='ocrx_word' id='word_1_17' title='bbox 1911 1089 1963 1154; x_wconf 69' lang='lat' dir='ltr'>Ze</span> 
     </span>
     <span class='ocr_line' id='line_1_4' title="bbox 521 1196 1250 1263; baseline -0.004 3"><span class='ocrx_word' id='word_1_18' title='bbox 521 1208 527 1217; x_wconf 86' lang='lat'>&#39;</span> <span class='ocrx_word' id='word_1_19' title='bbox 1139 1196 1250 1263; x_wconf 67' lang='lat' dir='ltr'>chodac</span> 
     </span>
    </p>
   </div>
   <div class='ocr_carea' id='block_1_3' title="bbox 444 1354 1964 1554">
    <p class='ocr_par' dir='ltr' id='par_1_3' title="bbox 444 1354 1964 1554">
     <span class='ocr_line' id='line_1_5' title="bbox 552 1354 1963 1464; baseline -0.002 -17"><span class='ocrx_word' id='word_1_20' title='bbox 552 1392 710 1448; x_wconf 68' lang='lat' dir='ltr'>raumara</span> <span class='ocrx_word' id='word_1_21' title='bbox 738 1390 933 1461; x_wconf 72' lang='lat' dir='ltr'>Jagozuassa</span> <span class='ocrx_word' id='word_1_22' title='bbox 961 1354 1019 1461; x_wconf 66' lang='lat' dir='ltr'>rap.</span> <span class='ocrx_word' id='word_1_23' title='bbox 1037 1402 1096 1460; x_wconf 74' lang='lat'>150</span> <span class='ocrx_word' id='word_1_24' title='bbox 1113 1392 1138 1447; x_wconf 74' lang='lat' dir='ltr'>a.</span> <span class='ocrx_word' id='word_1_25' title='bbox 1156 1403 1202 1459; x_wconf 86' lang='lat'>15,</span> <span class='ocrx_word' id='word_1_26' title='bbox 1226 1392 1387 1463; x_wconf 59' lang='lat' dir='ltr'>mum</span> <span class='ocrx_word' id='word_1_27' title='bbox 1404 1388 1584 1449; x_wconf 64' lang='lat' dir='ltr'>aunem</span> <span class='ocrx_word' id='word_1_28' title='bbox 1610 1390 1738 1447; x_wconf 63' lang='lat' dir='ltr'>eam.</span> <span class='ocrx_word' id='word_1_29' title='bbox 1767 1390 1872 1464; x_wconf 63' lang='lat' dir='ltr'>[opu</span> <span class='ocrx_word' id='word_1_30' title='bbox 1890 1407 1963 1445; x_wconf 70' lang='lat' dir='ltr'>m</span> 
     </span>
     <span class='ocr_line' id='line_1_6' title="bbox 444 1478 1964 1554; baseline -0.002 -15"><span class='ocrx_word' id='word_1_31' title='bbox 444 1482 599 1552; x_wconf 65' lang='lat' dir='ltr'>gedeum:</span> <span class='ocrx_word' id='word_1_32' title='bbox 617 1480 721 1537; x_wconf 83' lang='lat' dir='ltr'>Eidem</span> <span class='ocrx_word' id='word_1_33' title='bbox 732 1489 873 1554; x_wconf 76' lang='lat' dir='ltr'>pnycsm</span> <span class='ocrx_word' id='word_1_34' title='bbox 892 1480 999 1537; x_wconf 75' lang='lat' dir='ltr'>lea</span> <span class='ocrx_word' id='word_1_35' title='bbox 1016 1480 1138 1552; x_wconf 64' lang='lat' dir='ltr'>capud:</span> <span class='ocrx_word' id='word_1_36' title='bbox 1155 1479 1234 1537; x_wconf 87' lang='lat' dir='ltr'>idem</span> <span class='ocrx_word' id='word_1_37' title='bbox 1251 1481 1388 1554; x_wconf 77' lang='lat' dir='ltr'>Augusta</span> <span class='ocrx_word' id='word_1_38' title='bbox 1404 1483 1419 1536; x_wconf 78' lang='grc' dir='ltr'>ι’</span> <span class='ocrx_word' id='word_1_39' title='bbox 1434 1497 1474 1536; x_wconf 77' lang='lat' dir='ltr'>ua</span> <span class='ocrx_word' id='word_1_40' title='bbox 1491 1479 1580 1536; x_wconf 69' lang='lat' dir='ltr'>lom</span> <span class='ocrx_word' id='word_1_41' title='bbox 1598 1479 1680 1537; x_wconf 54' lang='lat' dir='ltr'>lactu</span> <span class='ocrx_word' id='word_1_42' title='bbox 1700 1484 1787 1551; x_wconf 59' lang='lat' dir='ltr'>dats.</span> <span class='ocrx_word' id='word_1_43' title='bbox 1819 1478 1908 1536; x_wconf 80' lang='lat' dir='ltr'>obok</span> <span class='ocrx_word' id='word_1_44' title='bbox 1922 1496 1964 1535; x_wconf 76' lang='lat' dir='ltr'>m·</span> 
     </span>
    </p>
   </div>
   <div class='ocr_carea' id='block_1_4' title="bbox 446 1571 1148 1647">
    <p class='ocr_par' dir='ltr' id='par_1_4' title="bbox 446 1571 1148 1647">
     <span class='ocr_line' id='line_1_7' title="bbox 446 1571 1148 1647; baseline -0.006 -16"><span class='ocrx_word' id='word_1_45' title='bbox 446 1573 567 1647; x_wconf 76' lang='lat' dir='ltr'>gldvvka</span> <span class='ocrx_word' id='word_1_46' title='bbox 582 1573 656 1645; x_wconf 73' lang='lat' dir='ltr'>reka</span> <span class='ocrx_word' id='word_1_47' title='bbox 673 1572 804 1646; x_wconf 83' lang='lat' dir='ltr'>kopisty:</span> <span class='ocrx_word' id='word_1_48' title='bbox 825 1575 858 1630; x_wconf 93' lang='lat'>11</span> <span class='ocrx_word' id='word_1_49' title='bbox 878 1571 986 1644; x_wconf 78' lang='lat' dir='ltr'>Aprilis</span> <span class='ocrx_word' id='word_1_50' title='bbox 1004 1572 1148 1646; x_wconf 77' lang='lat' dir='ltr'>Augusta</span> 
     </span>
    </p>
   </div>
   <div class='ocr_carea' id='block_1_5' title="bbox 354 1749 1964 4418">
    <p class='ocr_par' dir='ltr' id='par_1_5' title="bbox 354 1749 1964 3771">
     <span class='ocr_line' id='line_1_8' title="bbox 553 1749 1964 1842; baseline 0 -22"><span class='ocrx_word' id='word_1_51' title='bbox 553 1752 732 1840; x_wconf 87' lang='lat' dir='ltr'>Posnania,</span> <span class='ocrx_word' id='word_1_52' title='bbox 753 1751 880 1842; x_wconf 84' lang='lat' dir='ltr'>Lipsia,</span> <span class='ocrx_word' id='word_1_53' title='bbox 902 1750 1129 1841; x_wconf 77' lang='lat' dir='ltr'>Norimberga</span> <span class='ocrx_word' id='word_1_54' title='bbox 1149 1751 1193 1819; x_wconf 88' lang='lat' dir='ltr'>de</span> <span class='ocrx_word' id='word_1_55' title='bbox 1214 1751 1283 1820; x_wconf 89' lang='lat' dir='ltr'>mei</span> <span class='ocrx_word' id='word_1_56' title='bbox 1308 1750 1439 1819; x_wconf 86' lang='lat' dir='ltr'>itineris</span> <span class='ocrx_word' id='word_1_57' title='bbox 1460 1771 1649 1841; x_wconf 77' lang='lat' dir='ltr'>progressu</span> <span class='ocrx_word' id='word_1_58' title='bbox 1673 1749 1736 1820; x_wconf 88' lang='lat' dir='ltr'>Ill</span> <span class='ocrx_word' id='word_1_59' title='bbox 1755 1752 1806 1820; x_wconf 91' lang='lat' dir='ltr'>D.</span> <span class='ocrx_word' id='word_1_60' title='bbox 1832 1751 1964 1821; x_wconf 69' lang='lat' dir='ltr'>vesun</span> 
     </span>
     <span class='ocr_line' id='line_1_9' title="bbox 447 1855 1963 1950; baseline -0.001 -21"><span class='ocrx_word' id='word_1_61' title='bbox 447 1855 572 1950; x_wconf 87' lang='lat' dir='ltr'>scripsi</span> <span class='ocrx_word' id='word_1_62' title='bbox 590 1869 626 1929; x_wconf 88' lang='lat' dir='ltr'>et</span> <span class='ocrx_word' id='word_1_63' title='bbox 656 1861 693 1929; x_wconf 91' lang='lat' dir='ltr'>in</span> <span class='ocrx_word' id='word_1_64' title='bbox 725 1860 944 1950; x_wconf 81' lang='lat' dir='ltr'>epistolarum</span> <span class='ocrx_word' id='word_1_65' title='bbox 975 1859 1139 1928; x_wconf 85' lang='lat' dir='ltr'>comitatu</span> <span class='ocrx_word' id='word_1_66' title='bbox 1163 1858 1243 1927; x_wconf 78' lang='lat' dir='ltr'>nusi</span> <span class='ocrx_word' id='word_1_67' title='bbox 1272 1859 1444 1946; x_wconf 77' lang='lat' dir='ltr'>nonnulla,</span> <span class='ocrx_word' id='word_1_68' title='bbox 1466 1879 1552 1947; x_wconf 89' lang='lat' dir='ltr'>qnae</span> <span class='ocrx_word' id='word_1_69' title='bbox 1573 1857 1606 1925; x_wconf 91' lang='lat' dir='ltr'>si</span> <span class='ocrx_word' id='word_1_70' title='bbox 1632 1879 1716 1927; x_wconf 91' lang='lat' dir='ltr'>non</span> <span class='ocrx_word' id='word_1_71' title='bbox 1748 1860 1963 1939; x_wconf 63' lang='lat' dir='ltr'>recumbunt</span> 
     </span>
     <span class='ocr_line' id='line_1_10' title="bbox 447 1965 1963 2058; baseline -0.001 -22"><span class='ocrx_word' id='word_1_72' title='bbox 447 1969 568 2036; x_wconf 85' lang='lat' dir='ltr'>saltem</span> <span class='ocrx_word' id='word_1_73' title='bbox 585 1990 720 2037; x_wconf 89' lang='lat' dir='ltr'>cursum</span> <span class='ocrx_word' id='word_1_74' title='bbox 738 1989 894 2036; x_wconf 86' lang='lat' dir='ltr'>curarum</span> <span class='ocrx_word' id='word_1_75' title='bbox 907 1966 1134 2037; x_wconf 84' lang='lat' dir='ltr'>obturbabunt</span> <span class='ocrx_word' id='word_1_76' title='bbox 1144 1967 1176 2053; x_wconf 67' lang='lat'>¹)</span> <span class='ocrx_word' id='word_1_77' title='bbox 1200 1966 1427 2056; x_wconf 46' lang='lat' dir='ltr'>Angustam&amp;</span> <span class='ocrx_word' id='word_1_78' title='bbox 1443 1965 1565 2035; x_wconf 69' lang='lat' dir='ltr'>ddude</span> <span class='ocrx_word' id='word_1_79' title='bbox 1581 1966 1739 2056; x_wconf 83' lang='lat' dir='ltr'>perveni</span> <span class='ocrx_word' id='word_1_80' title='bbox 1757 1975 1800 2035; x_wconf 90' lang='lat' dir='ltr'>et</span> <span class='ocrx_word' id='word_1_81' title='bbox 1818 1968 1963 2058; x_wconf 79' lang='lat' dir='ltr'>palmam</span> 
     </span>
     <span class='ocr_line' id='line_1_11' title="bbox 447 2071 1964 2165; baseline -0.003 -19"><span class='ocrx_word' id='word_1_82' title='bbox 447 2076 672 2146; x_wconf 85' lang='lat' dir='ltr'>contentionis</span> <span class='ocrx_word' id='word_1_83' title='bbox 694 2097 789 2145; x_wconf 90' lang='lat' dir='ltr'>meae</span> <span class='ocrx_word' id='word_1_84' title='bbox 810 2074 989 2165; x_wconf 78' lang='lat' dir='ltr'>reportavi.</span> <span class='ocrx_word' id='word_1_85' title='bbox 1006 2075 1060 2143; x_wconf 92' lang='lat' dir='ltr'>De</span> <span class='ocrx_word' id='word_1_86' title='bbox 1080 2075 1211 2164; x_wconf 90' lang='lat' dir='ltr'>reliquo</span> <span class='ocrx_word' id='word_1_87' title='bbox 1232 2074 1344 2143; x_wconf 78' lang='lat' dir='ltr'>adhm</span> <span class='ocrx_word' id='word_1_88' title='bbox 1366 2073 1488 2142; x_wconf 85' lang='lat' dir='ltr'>itinere</span> <span class='ocrx_word' id='word_1_89' title='bbox 1507 2071 1671 2142; x_wconf 85' lang='lat' dir='ltr'>nonnihil</span> <span class='ocrx_word' id='word_1_90' title='bbox 1695 2081 1878 2164; x_wconf 87' lang='lat' dir='ltr'>torqueor</span> <span class='ocrx_word' id='word_1_91' title='bbox 1898 2075 1964 2142; x_wconf 84' lang='lat' dir='ltr'>sine</span> 
     </span>
     <span class='ocr_line' id='line_1_12' title="bbox 447 2179 1963 2272; baseline -0.001 -21"><span class='ocrx_word' id='word_1_92' title='bbox 447 2183 571 2269; x_wconf 87' lang='lat' dir='ltr'>dolore,</span> <span class='ocrx_word' id='word_1_93' title='bbox 593 2190 667 2251; x_wconf 89' lang='lat' dir='ltr'>tum</span> <span class='ocrx_word' id='word_1_94' title='bbox 688 2183 756 2250; x_wconf 90' lang='lat' dir='ltr'>nisi</span> <span class='ocrx_word' id='word_1_95' title='bbox 777 2182 868 2271; x_wconf 87' lang='lat' dir='ltr'>quod</span> <span class='ocrx_word' id='word_1_96' title='bbox 890 2182 997 2250; x_wconf 85' lang='lat' dir='ltr'>multa</span> <span class='ocrx_word' id='word_1_97' title='bbox 1014 2181 1051 2249; x_wconf 88' lang='lat' dir='ltr'>in</span> <span class='ocrx_word' id='word_1_98' title='bbox 1067 2189 1245 2271; x_wconf 88' lang='lat' dir='ltr'>utramque</span> <span class='ocrx_word' id='word_1_99' title='bbox 1262 2188 1395 2272; x_wconf 83' lang='lat' dir='ltr'>partem</span> <span class='ocrx_word' id='word_1_100' title='bbox 1416 2186 1603 2249; x_wconf 73' lang='lat' dir='ltr'>scomma</span> <span class='ocrx_word' id='word_1_101' title='bbox 1625 2179 1963 2249; x_wconf 77' lang='lat' dir='ltr'>ArcliiduxFerdi·</span> 
     </span>
     <span class='ocr_line' id='line_1_13' title="bbox 450 2285 1964 2379; baseline -0.001 -21"><span class='ocrx_word' id='word_1_102' title='bbox 450 2290 583 2358; x_wconf 90' lang='lat' dir='ltr'>nandus</span> <span class='ocrx_word' id='word_1_103' title='bbox 594 2292 620 2375; x_wconf 83' lang='lat'>⁸)</span> <span class='ocrx_word' id='word_1_104' title='bbox 637 2287 847 2358; x_wconf 82' lang='lat' dir='ltr'>conscribere</span> <span class='ocrx_word' id='word_1_105' title='bbox 861 2288 1004 2357; x_wconf 81' lang='lat' dir='ltr'>militem</span> <span class='ocrx_word' id='word_1_106' title='bbox 1013 2296 1178 2379; x_wconf 68' lang='lat' dir='ltr'>coeperat,</span> <span class='ocrx_word' id='word_1_107' title='bbox 1191 2310 1232 2357; x_wconf 91' lang='lat' dir='ltr'>eo</span> <span class='ocrx_word' id='word_1_108' title='bbox 1240 2288 1384 2357; x_wconf 88' lang='lat' dir='ltr'>utaiunt</span> <span class='ocrx_word' id='word_1_109' title='bbox 1395 2288 1477 2375; x_wconf 82' lang='lat' dir='ltr'>fine,</span> <span class='ocrx_word' id='word_1_110' title='bbox 1488 2294 1528 2355; x_wconf 88' lang='lat' dir='ltr'>ut</span> <span class='ocrx_word' id='word_1_111' title='bbox 1540 2307 1620 2355; x_wconf 89' lang='lat' dir='ltr'>oum</span> <span class='ocrx_word' id='word_1_112' title='bbox 1632 2285 1716 2356; x_wconf 80' lang='lat' dir='ltr'>lilio</span> <span class='ocrx_word' id='word_1_113' title='bbox 1729 2288 1964 2371; x_wconf 76' lang='lat' dir='ltr'>marchione⁴l</span> 
     </span>
     <span class='ocr_line' id='line_1_14' title="bbox 449 2393 1960 2483; baseline 0 -19"><span class='ocrx_word' id='word_1_114' title='bbox 449 2399 486 2465; x_wconf 93' lang='lat' dir='ltr'>in</span> <span class='ocrx_word' id='word_1_115' title='bbox 507 2397 705 2465; x_wconf 78' lang='lat' dir='ltr'>Flandriam</span> <span class='ocrx_word' id='word_1_116' title='bbox 726 2396 886 2480; x_wconf 58' lang='lat' dir='ltr'>mitteret</span> <span class='ocrx_word' id='word_1_117' title='bbox 906 2396 1013 2464; x_wconf 89' lang='lat' dir='ltr'>altum</span> <span class='ocrx_word' id='word_1_118' title='bbox 1030 2403 1184 2465; x_wconf 88' lang='lat' dir='ltr'>secutum</span> <span class='ocrx_word' id='word_1_119' title='bbox 1200 2403 1254 2464; x_wconf 89' lang='lat' dir='ltr'>est</span> <span class='ocrx_word' id='word_1_120' title='bbox 1270 2393 1450 2464; x_wconf 86' lang='lat' dir='ltr'>silentium</span> <span class='ocrx_word' id='word_1_121' title='bbox 1468 2394 1588 2483; x_wconf 84' lang='lat' dir='ltr'>Itaque</span> <span class='ocrx_word' id='word_1_122' title='bbox 1606 2394 1852 2464; x_wconf 82' lang='lat' dir='ltr'>subdiffidere</span> <span class='ocrx_word' id='word_1_123' title='bbox 1871 2396 1960 2482; x_wconf 83' lang='lat' dir='ltr'>desii,</span> 
     </span>
     <span class='ocr_line' id='line_1_15' title="bbox 448 2500 1959 2593; baseline -0.001 -20"><span class='ocrx_word' id='word_1_124' title='bbox 448 2513 507 2573; x_wconf 90' lang='lat' dir='ltr'>aut</span> <span class='ocrx_word' id='word_1_125' title='bbox 529 2504 560 2572; x_wconf 90' lang='lat' dir='ltr'>si</span> <span class='ocrx_word' id='word_1_126' title='bbox 582 2505 664 2592; x_wconf 89' lang='lat' dir='ltr'>quid</span> <span class='ocrx_word' id='word_1_127' title='bbox 685 2504 838 2573; x_wconf 81' lang='lat' dir='ltr'><strong>nimbum</strong></span> <span class='ocrx_word' id='word_1_128' title='bbox 868 2504 1031 2572; x_wconf 72' lang='lat' dir='ltr'>transisse</span> <span class='ocrx_word' id='word_1_129' title='bbox 1061 2503 1197 2593; x_wconf 83' lang='lat' dir='ltr'>putabo,</span> <span class='ocrx_word' id='word_1_130' title='bbox 1220 2504 1274 2572; x_wconf 93' lang='lat' dir='ltr'>vel</span> <span class='ocrx_word' id='word_1_131' title='bbox 1295 2502 1474 2572; x_wconf 87' lang='lat' dir='ltr'>consilium</span> <span class='ocrx_word' id='word_1_132' title='bbox 1495 2500 1638 2591; x_wconf 83' lang='lat' dir='ltr'>capiam,</span> <span class='ocrx_word' id='word_1_133' title='bbox 1661 2504 1762 2591; x_wconf 89' lang='lat' dir='ltr'>quod</span> <span class='ocrx_word' id='word_1_134' title='bbox 1788 2506 1959 2572; x_wconf 77' lang='lat' dir='ltr'>cnstinns</span> 
     </span>
     <span class='ocr_line' id='line_1_16' title="bbox 449 2610 1957 2701; baseline -0.001 -21"><span class='ocrx_word' id='word_1_135' title='bbox 449 2612 521 2680; x_wconf 90' lang='lat' dir='ltr'>dies</span> <span class='ocrx_word' id='word_1_136' title='bbox 544 2612 587 2679; x_wconf 91' lang='lat' dir='ltr'>ad</span> <span class='ocrx_word' id='word_1_137' title='bbox 610 2612 830 2701; x_wconf 80' lang='lat' dir='ltr'>cogitandum</span> <span class='ocrx_word' id='word_1_138' title='bbox 852 2611 953 2679; x_wconf 83' lang='lat' dir='ltr'>dabit</span> <span class='ocrx_word' id='word_1_139' title='bbox 976 2611 1043 2679; x_wconf 88' lang='lat' dir='ltr'>Hic</span> <span class='ocrx_word' id='word_1_140' title='bbox 1064 2634 1109 2679; x_wconf 89' lang='lat' dir='ltr'>ne</span> <span class='ocrx_word' id='word_1_141' title='bbox 1126 2619 1309 2701; x_wconf 88' lang='lat' dir='ltr'>apparatus</span> <span class='ocrx_word' id='word_1_142' title='bbox 1332 2610 1469 2698; x_wconf 90' lang='lat' dir='ltr'>quidem</span> <span class='ocrx_word' id='word_1_143' title='bbox 1490 2610 1588 2696; x_wconf 83' lang='lat' dir='ltr'>nllus,</span> <span class='ocrx_word' id='word_1_144' title='bbox 1606 2632 1652 2677; x_wconf 88' lang='lat' dir='ltr'>ue</span> <span class='ocrx_word' id='word_1_145' title='bbox 1669 2612 1795 2679; x_wconf 87' lang='lat' dir='ltr'>minae</span> <span class='ocrx_word' id='word_1_146' title='bbox 1820 2612 1957 2700; x_wconf 86' lang='lat' dir='ltr'>quidem</span> 
     </span>
     <span class='ocr_line' id='line_1_17' title="bbox 449 2717 1955 2809; baseline 0 -22"><span class='ocrx_word' id='word_1_147' title='bbox 449 2720 632 2787; x_wconf 88' lang='lat' dir='ltr'>audiuntur</span> <span class='ocrx_word' id='word_1_148' title='bbox 653 2718 690 2785; x_wconf 94' lang='lat' dir='ltr'>in</span> <span class='ocrx_word' id='word_1_149' title='bbox 711 2718 842 2809; x_wconf 86' lang='lat' dir='ltr'>patriae</span> <span class='ocrx_word' id='word_1_150' title='bbox 871 2725 1009 2787; x_wconf 85' lang='lat' dir='ltr'>nostrae</span> <span class='ocrx_word' id='word_1_151' title='bbox 1030 2718 1224 2808; x_wconf 87' lang='lat' dir='ltr'>perniciem.</span> <span class='ocrx_word' id='word_1_152' title='bbox 1257 2718 1322 2800; x_wconf 83' lang='lat' dir='ltr'>Qui</span> <span class='ocrx_word' id='word_1_153' title='bbox 1354 2718 1428 2786; x_wconf 88' lang='lat' dir='ltr'>heri</span> <span class='ocrx_word' id='word_1_154' title='bbox 1458 2717 1611 2787; x_wconf 82' lang='lat' dir='ltr'>Venetiis</span> <span class='ocrx_word' id='word_1_155' title='bbox 1642 2718 1833 2787; x_wconf 88' lang='lat' dir='ltr'>redierunt</span> <span class='ocrx_word' id='word_1_156' title='bbox 1855 2720 1955 2804; x_wconf 82' lang='lat' dir='ltr'>aiunt,</span> 
     </span>
     <span class='ocr_line' id='line_1_18' title="bbox 448 2824 1953 2913; baseline -0.001 -20"><span class='ocrx_word' id='word_1_157' title='bbox 448 2848 512 2894; x_wconf 91' lang='lat' dir='ltr'>nos</span> <span class='ocrx_word' id='word_1_158' title='bbox 533 2825 570 2892; x_wconf 91' lang='lat' dir='ltr'>id</span> <span class='ocrx_word' id='word_1_159' title='bbox 591 2847 698 2893; x_wconf 89' lang='lat' dir='ltr'>unum</span> <span class='ocrx_word' id='word_1_160' title='bbox 720 2825 887 2894; x_wconf 88' lang='lat' dir='ltr'>obstinate</span> <span class='ocrx_word' id='word_1_161' title='bbox 909 2826 1005 2913; x_wconf 87' lang='lat' dir='ltr'>velle,</span> <span class='ocrx_word' id='word_1_162' title='bbox 1034 2833 1073 2894; x_wconf 88' lang='lat' dir='ltr'>ut</span> <span class='ocrx_word' id='word_1_163' title='bbox 1095 2825 1233 2893; x_wconf 84' lang='lat' dir='ltr'>libertas</span> <span class='ocrx_word' id='word_1_164' title='bbox 1255 2824 1481 2910; x_wconf 65' lang='lat' dir='ltr'>uehiducw)</span> <span class='ocrx_word' id='word_1_165' title='bbox 1512 2824 1630 2892; x_wconf 87' lang='lat' dir='ltr'>sar-mi</span> <span class='ocrx_word' id='word_1_166' title='bbox 1661 2832 1740 2894; x_wconf 84' lang='lat' dir='ltr'>tota</span> <span class='ocrx_word' id='word_1_167' title='bbox 1763 2825 1892 2893; x_wconf 86' lang='lat' dir='ltr'>Silesia</span> <span class='ocrx_word' id='word_1_168' title='bbox 1922 2833 1953 2893; x_wconf 86' lang='lat' dir='ltr'>at</span> 
     </span>
     <span class='ocr_line' id='line_1_19' title="bbox 449 2931 1952 3020; baseline -0.001 -18"><span class='ocrx_word' id='word_1_169' title='bbox 449 2937 472 3002; x_wconf 85' lang='lat'>4</span> <span class='ocrx_word' id='word_1_170' title='bbox 494 2931 688 3000; x_wconf 89' lang='lat' dir='ltr'>milionibus</span> <span class='ocrx_word' id='word_1_171' title='bbox 710 2932 902 3019; x_wconf 77' lang='lat' dir='ltr'>redimatur,</span> <span class='ocrx_word' id='word_1_172' title='bbox 927 2954 994 3020; x_wconf 90' lang='lat' dir='ltr'>qua</span> <span class='ocrx_word' id='word_1_173' title='bbox 1013 2954 1083 3001; x_wconf 85' lang='lat' dir='ltr'>una</span> <span class='ocrx_word' id='word_1_174' title='bbox 1103 2953 1142 3000; x_wconf 83' lang='lat' dir='ltr'>re</span> <span class='ocrx_word' id='word_1_175' title='bbox 1159 2931 1394 3001; x_wconf 73' lang='lat' dir='ltr'>moerbatum</span> <span class='ocrx_word' id='word_1_176' title='bbox 1412 2931 1591 3000; x_wconf 83' lang='lat' dir='ltr'>Gaesarem</span> <span class='ocrx_word' id='word_1_177' title='bbox 1612 2931 1731 2999; x_wconf 90' lang='lat' dir='ltr'>omnia</span> <span class='ocrx_word' id='word_1_178' title='bbox 1752 2933 1952 3001; x_wconf 86' lang='lat' dir='ltr'>moliturum</span> 
     </span>
     <span class='ocr_line' id='line_1_20' title="bbox 450 3035 1952 3129; baseline -0.001 -22"><span class='ocrx_word' id='word_1_179' title='bbox 450 3038 655 3123; x_wconf 67' lang='lat' dir='ltr'>existimatu</span> <span class='ocrx_word' id='word_1_180' title='bbox 680 3061 720 3108; x_wconf 87' lang='lat' dir='ltr'>ao</span> <span class='ocrx_word' id='word_1_181' title='bbox 741 3061 859 3107; x_wconf 89' lang='lat' dir='ltr'>vereor</span> <span class='ocrx_word' id='word_1_182' title='bbox 875 3061 921 3107; x_wconf 88' lang='lat' dir='ltr'>ue</span> <span class='ocrx_word' id='word_1_183' title='bbox 936 3060 1043 3107; x_wconf 89' lang='lat' dir='ltr'>novos</span> <span class='ocrx_word' id='word_1_184' title='bbox 1065 3038 1291 3129; x_wconf 75' lang='lat' dir='ltr'>panegyricos</span> <span class='ocrx_word' id='word_1_185' title='bbox 1313 3037 1526 3107; x_wconf 70' lang='lat' dir='ltr'>meditentur.</span> <span class='ocrx_word' id='word_1_186' title='bbox 1549 3035 1618 3105; x_wconf 88' lang='lat' dir='ltr'>Sed</span> <span class='ocrx_word' id='word_1_187' title='bbox 1632 3037 1774 3106; x_wconf 87' lang='lat' dir='ltr'>demum</span> <span class='ocrx_word' id='word_1_188' title='bbox 1795 3038 1853 3106; x_wconf 88' lang='lat' dir='ltr'>his</span> <span class='ocrx_word' id='word_1_189' title='bbox 1875 3040 1952 3123; x_wconf 79' lang='lat' dir='ltr'>fera,</span> 
     </span>
     <span class='ocr_line' id='line_1_21' title="bbox 451 3145 1950 3238; baseline 0.001 -24"><span class='ocrx_word' id='word_1_190' title='bbox 451 3169 534 3236; x_wconf 89' lang='lat' dir='ltr'>quos</span> <span class='ocrx_word' id='word_1_191' title='bbox 557 3148 665 3234; x_wconf 86' lang='lat' dir='ltr'>mitto,</span> <span class='ocrx_word' id='word_1_192' title='bbox 688 3146 814 3215; x_wconf 86' lang='lat' dir='ltr'>similes</span> <span class='ocrx_word' id='word_1_193' title='bbox 838 3146 920 3216; x_wconf 90' lang='lat' dir='ltr'>victi</span> <span class='ocrx_word' id='word_1_194' title='bbox 937 3146 1098 3215; x_wconf 83' lang='lat' dir='ltr'>Germani</span> <span class='ocrx_word' id='word_1_195' title='bbox 1116 3147 1160 3215; x_wconf 88' lang='lat' dir='ltr'>de</span> <span class='ocrx_word' id='word_1_196' title='bbox 1177 3146 1361 3215; x_wconf 85' lang='lat' dir='ltr'>victoribus</span> <span class='ocrx_word' id='word_1_197' title='bbox 1380 3145 1488 3215; x_wconf 82' lang='lat' dir='ltr'>Gallis</span> <span class='ocrx_word' id='word_1_198' title='bbox 1504 3146 1609 3215; x_wconf 89' lang='lat' dir='ltr'>miros</span> <span class='ocrx_word' id='word_1_199' title='bbox 1627 3154 1740 3234; x_wconf 79' lang='lat' dir='ltr'>agunt</span> <span class='ocrx_word' id='word_1_200' title='bbox 1756 3148 1950 3238; x_wconf 86' lang='lat' dir='ltr'>triumphos</span> 
     </span>
     <span class='ocr_line' id='line_1_22' title="bbox 451 3252 1949 3343; baseline 0.001 -21"><span class='ocrx_word' id='word_1_201' title='bbox 451 3263 485 3322; x_wconf 90' lang='lat' dir='ltr'>et</span> <span class='ocrx_word' id='word_1_202' title='bbox 507 3277 549 3322; x_wconf 84' lang='lat' dir='ltr'>ex</span> <span class='ocrx_word' id='word_1_203' title='bbox 570 3257 615 3323; x_wconf 85' lang='lat'>40</span> <span class='ocrx_word' id='word_1_204' title='bbox 637 3253 772 3323; x_wconf 89' lang='lat' dir='ltr'>milibus</span> <span class='ocrx_word' id='word_1_205' title='bbox 796 3253 950 3341; x_wconf 89' lang='lat' dir='ltr'>militum,</span> <span class='ocrx_word' id='word_1_206' title='bbox 983 3262 1125 3342; x_wconf 88' lang='lat' dir='ltr'>quatuor</span> <span class='ocrx_word' id='word_1_207' title='bbox 1156 3253 1193 3322; x_wconf 89' lang='lat' dir='ltr'>in</span> <span class='ocrx_word' id='word_1_208' title='bbox 1225 3253 1311 3322; x_wconf 89' lang='lat' dir='ltr'>vivis</span> <span class='ocrx_word' id='word_1_209' title='bbox 1343 3276 1519 3343; x_wconf 86' lang='lat' dir='ltr'>superesse</span> <span class='ocrx_word' id='word_1_210' title='bbox 1550 3252 1750 3342; x_wconf 82' lang='lat' dir='ltr'>gloriantur,</span> <span class='ocrx_word' id='word_1_211' title='bbox 1784 3256 1880 3342; x_wconf 89' lang='lat' dir='ltr'>quod</span> <span class='ocrx_word' id='word_1_212' title='bbox 1911 3278 1949 3322; x_wconf 83' lang='lat' dir='ltr'>ex</span> 
     </span>
     <span class='ocr_line' id='line_1_23' title="bbox 354 3350 1949 3449; baseline 0 -20"><span class='ocrx_word' id='word_1_213' title='bbox 354 3350 357 3354; x_wconf 12' lang='grc' dir='ltr'><em>Δ</em></span> <span class='ocrx_word' id='word_1_214' title='bbox 450 3363 590 3449; x_wconf 88' lang='lat' dir='ltr'>Hymno</span> <span class='ocrx_word' id='word_1_215' title='bbox 620 3362 672 3429; x_wconf 82' lang='lat' dir='ltr'>ill</span> <span class='ocrx_word' id='word_1_216' title='bbox 695 3363 736 3430; x_wconf 92' lang='lat' dir='ltr'>D.</span> <span class='ocrx_word' id='word_1_217' title='bbox 758 3361 882 3429; x_wconf 89' lang='lat' dir='ltr'>Vestra</span> <span class='ocrx_word' id='word_1_218' title='bbox 904 3361 1074 3446; x_wconf 65' lang='lat' dir='ltr'>videbit⁰l</span> <span class='ocrx_word' id='word_1_219' title='bbox 1116 3361 1192 3430; x_wconf 85' lang='lat' dir='ltr'>Risi</span> <span class='ocrx_word' id='word_1_220' title='bbox 1224 3362 1372 3429; x_wconf 78' lang='lat' dir='ltr'>suaviter</span> <span class='ocrx_word' id='word_1_221' title='bbox 1403 3360 1440 3428; x_wconf 92' lang='lat' dir='ltr'>in</span> <span class='ocrx_word' id='word_1_222' title='bbox 1471 3360 1594 3429; x_wconf 86' lang='lat' dir='ltr'>talibus</span> <span class='ocrx_word' id='word_1_223' title='bbox 1625 3383 1670 3428; x_wconf 89' lang='lat' dir='ltr'>ue</span> <span class='ocrx_word' id='word_1_224' title='bbox 1702 3361 1821 3429; x_wconf 89' lang='lat' dir='ltr'>rebus!</span> <span class='ocrx_word' id='word_1_225' title='bbox 1865 3362 1949 3443; x_wconf 81' lang='lat' dir='ltr'>Quid</span> 
     </span>
     <span class='ocr_line' id='line_1_24' title="bbox 451 3468 1948 3557; baseline 0 -23"><span class='ocrx_word' id='word_1_226' title='bbox 451 3468 587 3535; x_wconf 87' lang='lat' dir='ltr'>faciam!</span> <span class='ocrx_word' id='word_1_227' title='bbox 612 3469 781 3536; x_wconf 86' lang='lat' dir='ltr'>Plorando</span> <span class='ocrx_word' id='word_1_228' title='bbox 804 3470 914 3536; x_wconf 81' lang='lat' dir='ltr'>fessus</span> <span class='ocrx_word' id='word_1_229' title='bbox 937 3491 1020 3536; x_wconf 90' lang='lat' dir='ltr'>sum.</span> <span class='ocrx_word' id='word_1_230' title='bbox 1045 3469 1127 3536; x_wconf 84' lang='lat' dir='ltr'>Orus</span> <span class='ocrx_word' id='word_1_231' title='bbox 1145 3468 1306 3536; x_wconf 79' lang='lat' dir='ltr'>Venetiae</span> <span class='ocrx_word' id='word_1_232' title='bbox 1325 3490 1441 3534; x_wconf 91' lang='lat' dir='ltr'>versus</span> <span class='ocrx_word' id='word_1_233' title='bbox 1461 3468 1636 3552; x_wconf 90' lang='lat' dir='ltr'>contendo,</span> <span class='ocrx_word' id='word_1_234' title='bbox 1654 3475 1775 3534; x_wconf 84' lang='lat' dir='ltr'>octavo</span> <span class='ocrx_word' id='word_1_235' title='bbox 1801 3492 1858 3536; x_wconf 90' lang='lat' dir='ltr'>ma</span> <span class='ocrx_word' id='word_1_236' title='bbox 1876 3493 1948 3557; x_wconf 91' lang='lat' dir='ltr'>per·</span> 
     </span>
     <span class='ocr_line' id='line_1_25' title="bbox 452 3575 1948 3664; baseline 0.001 -23"><span class='ocrx_word' id='word_1_237' title='bbox 452 3584 630 3642; x_wconf 88' lang='lat' dir='ltr'>venturum</span> <span class='ocrx_word' id='word_1_238' title='bbox 662 3585 753 3663; x_wconf 87' lang='lat' dir='ltr'>puto,</span> <span class='ocrx_word' id='word_1_239' title='bbox 776 3585 856 3664; x_wconf 89' lang='lat' dir='ltr'>opto</span> <span class='ocrx_word' id='word_1_240' title='bbox 880 3576 1016 3663; x_wconf 91' lang='lat' dir='ltr'>quidem</span> <span class='ocrx_word' id='word_1_241' title='bbox 1040 3584 1129 3642; x_wconf 87' lang='lat' dir='ltr'>certe</span> <span class='ocrx_word' id='word_1_242' title='bbox 1152 3599 1226 3661; x_wconf 89' lang='lat' dir='ltr'>nec,</span> <span class='ocrx_word' id='word_1_243' title='bbox 1250 3583 1288 3642; x_wconf 90' lang='lat' dir='ltr'>ut</span> <span class='ocrx_word' id='word_1_244' title='bbox 1311 3598 1446 3642; x_wconf 90' lang='lat' dir='ltr'>omnem</span> <span class='ocrx_word' id='word_1_245' title='bbox 1468 3584 1584 3642; x_wconf 88' lang='lat' dir='ltr'>notam</span> <span class='ocrx_word' id='word_1_246' title='bbox 1615 3575 1769 3661; x_wconf 78' lang='lat' dir='ltr'>languidi</span> <span class='ocrx_word' id='word_1_247' title='bbox 1803 3577 1948 3642; x_wconf 89' lang='lat' dir='ltr'>ministri</span> 
     </span>
     <span class='ocr_line' id='line_1_26' title="bbox 452 3683 1496 3771; baseline -0.003 -21"><span class='ocrx_word' id='word_1_248' title='bbox 452 3683 627 3771; x_wconf 83' lang='lat' dir='ltr'>effugiam,</span> <span class='ocrx_word' id='word_1_249' title='bbox 651 3706 784 3750; x_wconf 91' lang='lat' dir='ltr'>omnem</span> <span class='ocrx_word' id='word_1_250' title='bbox 808 3683 967 3750; x_wconf 89' lang='lat' dir='ltr'>adhibere</span> <span class='ocrx_word' id='word_1_251' title='bbox 990 3683 1242 3750; x_wconf 83' lang='lat' dir='ltr'>contentionem</span> <span class='ocrx_word' id='word_1_252' title='bbox 1265 3683 1496 3749; x_wconf 80' lang='lat' dir='ltr'>intermittam.</span> 
     </span>
    </p>

    <p class='ocr_par' dir='ltr' id='par_1_6' title="bbox 452 3789 1950 4418">
     <span class='ocr_line' id='line_1_27' title="bbox 560 3789 1949 3876; baseline -0.001 -18"><span class='ocrx_word' id='word_1_253' title='bbox 560 3790 627 3858; x_wconf 87' lang='lat' dir='ltr'>Sed</span> <span class='ocrx_word' id='word_1_254' title='bbox 651 3792 760 3858; x_wconf 84' lang='lat' dir='ltr'>eioro</span> <span class='ocrx_word' id='word_1_255' title='bbox 784 3801 819 3857; x_wconf 89' lang='lat' dir='ltr'>et</span> <span class='ocrx_word' id='word_1_256' title='bbox 837 3791 929 3858; x_wconf 88' lang='lat' dir='ltr'>curia</span> <span class='ocrx_word' id='word_1_257' title='bbox 951 3798 1109 3858; x_wconf 86' lang='lat' dir='ltr'>revertor.</span> <span class='ocrx_word' id='word_1_258' title='bbox 1133 3791 1261 3858; x_wconf 86' lang='lat' dir='ltr'>iterum</span> <span class='ocrx_word' id='word_1_259' title='bbox 1284 3791 1320 3856; x_wconf 91' lang='lat' dir='ltr'>in</span> <span class='ocrx_word' id='word_1_260' title='bbox 1338 3813 1400 3857; x_wconf 90' lang='lat' dir='ltr'>nos</span> <span class='ocrx_word' id='word_1_261' title='bbox 1419 3791 1530 3857; x_wconf 90' lang='lat' dir='ltr'>minae</span> <span class='ocrx_word' id='word_1_262' title='bbox 1552 3789 1799 3876; x_wconf 83' lang='lat' dir='ltr'>intorquentur.</span> <span class='ocrx_word' id='word_1_263' title='bbox 1826 3790 1949 3857; x_wconf 85' lang='lat' dir='ltr'>Pacata</span> 
     </span>
     <span class='ocr_line' id='line_1_28' title="bbox 452 3895 1949 3986; baseline -0.001 -22"><span class='ocrx_word' id='word_1_264' title='bbox 452 3898 548 3964; x_wconf 89' lang='lat' dir='ltr'>aiunt</span> <span class='ocrx_word' id='word_1_265' title='bbox 569 3898 739 3982; x_wconf 69' lang='lat' dir='ltr'>Flandria</span> <span class='ocrx_word' id='word_1_266' title='bbox 772 3898 909 3964; x_wconf 88' lang='lat' dir='ltr'>subacta</span> <span class='ocrx_word' id='word_1_267' title='bbox 932 3898 1066 3986; x_wconf 82' lang='lat' dir='ltr'>Anglia,</span> <span class='ocrx_word' id='word_1_268' title='bbox 1099 3906 1257 3985; x_wconf 88' lang='lat' dir='ltr'>superata</span> <span class='ocrx_word' id='word_1_269' title='bbox 1280 3897 1471 3982; x_wconf 84' lang='lat' dir='ltr'>Germania,</span> <span class='ocrx_word' id='word_1_270' title='bbox 1497 3895 1711 3963; x_wconf 88' lang='lat' dir='ltr'>reconciliata</span> <span class='ocrx_word' id='word_1_271' title='bbox 1734 3896 1861 3983; x_wconf 75' lang='lat' dir='ltr'>Dania,</span> <span class='ocrx_word' id='word_1_272' title='bbox 1884 3897 1949 3963; x_wconf 78' lang='lat' dir='ltr'>vim</span> 
     </span>
     <span class='ocr_line' id='line_1_29' title="bbox 452 4003 1948 4093; baseline 0 -22"><span class='ocrx_word' id='word_1_273' title='bbox 452 4005 548 4071; x_wconf 89' lang='lat' dir='ltr'>nobis</span> <span class='ocrx_word' id='word_1_274' title='bbox 572 4005 736 4072; x_wconf 79' lang='lat' dir='ltr'>Catholici</span> <span class='ocrx_word' id='word_1_275' title='bbox 760 4005 850 4091; x_wconf 86' lang='lat' dir='ltr'>regis</span> <span class='ocrx_word' id='word_1_276' title='bbox 864 4007 887 4081; x_wconf 74' lang='lat'>⁷)</span> <span class='ocrx_word' id='word_1_277' title='bbox 918 4005 1167 4072; x_wconf 85' lang='lat' dir='ltr'>formidandam</span> <span class='ocrx_word' id='word_1_278' title='bbox 1199 4013 1328 4093; x_wconf 89' lang='lat' dir='ltr'>putant.</span> <span class='ocrx_word' id='word_1_279' title='bbox 1362 4006 1461 4071; x_wconf 86' lang='lat' dir='ltr'>Addo</span> <span class='ocrx_word' id='word_1_280' title='bbox 1494 4026 1558 4093; x_wconf 81' lang='lat' dir='ltr'>ego</span> <span class='ocrx_word' id='word_1_281' title='bbox 1590 4003 1718 4090; x_wconf 88' lang='lat' dir='ltr'>reliqua</span> <span class='ocrx_word' id='word_1_282' title='bbox 1751 4004 1857 4071; x_wconf 86' lang='lat' dir='ltr'>India</span> <span class='ocrx_word' id='word_1_283' title='bbox 1890 4005 1948 4071; x_wconf 87' lang='lat' dir='ltr'>sub</span> 
     </span>
     <span class='ocr_line' id='line_1_30' title="bbox 452 4112 1948 4202; baseline 0 -25"><span class='ocrx_word' id='word_1_284' title='bbox 452 4112 570 4200; x_wconf 81' lang='lat' dir='ltr'>iugum</span> <span class='ocrx_word' id='word_1_285' title='bbox 596 4113 707 4196; x_wconf 68' lang='lat' dir='ltr'>missa</span> <span class='ocrx_word' id='word_1_286' title='bbox 732 4120 766 4179; x_wconf 88' lang='lat' dir='ltr'>et</span> <span class='ocrx_word' id='word_1_287' title='bbox 788 4112 829 4178; x_wconf 89' lang='lat' dir='ltr'>iis</span> <span class='ocrx_word' id='word_1_288' title='bbox 864 4113 921 4200; x_wconf 90' lang='lat' dir='ltr'>qui</span> <span class='ocrx_word' id='word_1_289' title='bbox 944 4117 1132 4180; x_wconf 81' lang='lat' dir='ltr'>nascentur</span> <span class='ocrx_word' id='word_1_290' title='bbox 1147 4113 1335 4202; x_wconf 87' lang='lat' dir='ltr'>elephantis</span> <span class='ocrx_word' id='word_1_291' title='bbox 1363 4114 1406 4179; x_wconf 89' lang='lat' dir='ltr'>ad</span> <span class='ocrx_word' id='word_1_292' title='bbox 1439 4135 1538 4179; x_wconf 88' lang='lat' dir='ltr'>usum</span> <span class='ocrx_word' id='word_1_293' title='bbox 1569 4132 1740 4178; x_wconf 87' lang='lat' dir='ltr'>armorum</span> <span class='ocrx_word' id='word_1_294' title='bbox 1773 4112 1948 4180; x_wconf 87' lang='lat' dir='ltr'>institutis.</span> 
     </span>
     <span class='ocr_line' id='line_1_31' title="bbox 454 4219 1950 4310; baseline 0 -21"><span class='ocrx_word' id='word_1_295' title='bbox 454 4223 521 4289; x_wconf 88' lang='lat' dir='ltr'>Sed</span> <span class='ocrx_word' id='word_1_296' title='bbox 545 4222 654 4288; x_wconf 90' lang='lat' dir='ltr'>adhuc</span> <span class='ocrx_word' id='word_1_297' title='bbox 679 4222 834 4290; x_wconf 84' lang='lat' dir='ltr'>tabernas</span> <span class='ocrx_word' id='word_1_298' title='bbox 857 4223 1009 4289; x_wconf 85' lang='lat' dir='ltr'>librariae</span> <span class='ocrx_word' id='word_1_299' title='bbox 1033 4223 1194 4307; x_wconf 77' lang='lat' dir='ltr'>evolvam,</span> <span class='ocrx_word' id='word_1_300' title='bbox 1213 4222 1243 4289; x_wconf 92' lang='lat' dir='ltr'>si</span> <span class='ocrx_word' id='word_1_301' title='bbox 1262 4244 1362 4310; x_wconf 90' lang='lat' dir='ltr'>quam</span> <span class='ocrx_word' id='word_1_302' title='bbox 1380 4222 1561 4289; x_wconf 91' lang='lat' dir='ltr'>iucundam</span> <span class='ocrx_word' id='word_1_303' title='bbox 1580 4219 1749 4287; x_wconf 89' lang='lat' dir='ltr'>scribendi</span> <span class='ocrx_word' id='word_1_304' title='bbox 1774 4223 1950 4289; x_wconf 84' lang='lat' dir='ltr'>materiam</span> 
     </span>
     <span class='ocr_line' id='line_1_32' title="bbox 452 4329 1253 4418; baseline 0.006 -23"><span class='ocrx_word' id='word_1_305' title='bbox 452 4329 609 4396; x_wconf 82' lang='lat' dir='ltr'>offerent.</span> <span class='ocrx_word' id='word_1_306' title='bbox 641 4335 678 4396; x_wconf 97' lang='grc'>11</span> <span class='ocrx_word' id='word_1_307' title='bbox 705 4329 843 4418; x_wconf 85' lang='lat' dir='ltr'>Aprilis.</span> <span class='ocrx_word' id='word_1_308' title='bbox 866 4330 1023 4416; x_wconf 81' lang='lat' dir='ltr'>Augusta</span> <span class='ocrx_word' id='word_1_309' title='bbox 1048 4332 1142 4398; x_wconf 76' lang='lat'>1588.</span> <span class='ocrx_word' id='word_1_310' title='bbox 1244 4398 1253 4409; x_wconf 87' lang='grc'><strong>,</strong></span> 
     </span>
    </p>
   </div>
   <div class='ocr_carea' id='block_1_6' title="bbox 448 4523 1967 5126">
    <p class='ocr_par' dir='ltr' id='par_1_7' title="bbox 448 4523 1967 5042">
     <span class='ocr_line' id='line_1_33' title="bbox 561 4523 1949 4596; baseline 0.003 -18"><span class='ocrx_word' id='word_1_311' title='bbox 561 4527 581 4593; x_wconf 90' lang='lat'>¹)</span> <span class='ocrx_word' id='word_1_312' title='bbox 598 4523 705 4579; x_wconf 74' lang='lat' dir='ltr'>Listdm</span> <span class='ocrx_word' id='word_1_313' title='bbox 722 4541 738 4577; x_wconf 82' lang='lat' dir='ltr'>s</span> <span class='ocrx_word' id='word_1_314' title='bbox 756 4525 906 4579; x_wconf 80' lang='lat' dir='ltr'>Pcznania</span> <span class='ocrx_word' id='word_1_315' title='bbox 925 4529 936 4577; x_wconf 85' lang='lat' dir='ltr'>i</span> <span class='ocrx_word' id='word_1_316' title='bbox 954 4526 1058 4595; x_wconf 80' lang='lat' dir='ltr'>Lipska</span> <span class='ocrx_word' id='word_1_317' title='bbox 1077 4529 1122 4579; x_wconf 82' lang='lat' dir='ltr'>m&#39;e</span> <span class='ocrx_word' id='word_1_318' title='bbox 1140 4542 1244 4593; x_wconf 79' lang='lat' dir='ltr'>anamy.</span> <span class='ocrx_word' id='word_1_319' title='bbox 1274 4525 1300 4578; x_wconf 91' lang='lat' dir='ltr'><em>Z</em></span> <span class='ocrx_word' id='word_1_320' title='bbox 1315 4525 1473 4587; x_wconf 83' lang='lat' dir='ltr'>Poznania,</span> <span class='ocrx_word' id='word_1_321' title='bbox 1492 4524 1547 4596; x_wconf 75' lang='lat' dir='ltr'>jak</span> <span class='ocrx_word' id='word_1_322' title='bbox 1566 4528 1593 4577; x_wconf 79' lang='lat' dir='ltr'>lo</span> <span class='ocrx_word' id='word_1_323' title='bbox 1611 4525 1718 4591; x_wconf 76' lang='lat' dir='ltr'>uynika</span> <span class='ocrx_word' id='word_1_324' title='bbox 1743 4540 1759 4575; x_wconf 80' lang='lat' dir='ltr'>s</span> <span class='ocrx_word' id='word_1_325' title='bbox 1782 4524 1949 4582; x_wconf 71' lang='lat' dir='ltr'>Bimatra.</span> 
     </span>
     <span class='ocr_line' id='line_1_34' title="bbox 448 4604 1967 4685; baseline 0 -19"><span class='ocrx_word' id='word_1_326' title='bbox 448 4613 528 4684; x_wconf 70' lang='lat' dir='ltr'>pisae</span> <span class='ocrx_word' id='word_1_327' title='bbox 550 4613 657 4668; x_wconf 80' lang='lat' dir='ltr'>Rcsska</span> <span class='ocrx_word' id='word_1_328' title='bbox 682 4615 717 4668; x_wconf 83' lang='lat' dir='ltr'>do</span> <span class='ocrx_word' id='word_1_329' title='bbox 734 4613 924 4682; x_wconf 82' lang='lat' dir='ltr'>Zamoyskiegc</span> <span class='ocrx_word' id='word_1_330' title='bbox 942 4628 979 4680; x_wconf 82' lang='lat'>25</span> <span class='ocrx_word' id='word_1_331' title='bbox 997 4615 1062 4670; x_wconf 87' lang='lat' dir='ltr'><em>III:</em></span> <span class='ocrx_word' id='word_1_332' title='bbox 1088 4614 1194 4685; x_wconf 84' lang='lat' dir='ltr'>Scripsi</span> <span class='ocrx_word' id='word_1_333' title='bbox 1221 4613 1392 4669; x_wconf 88' lang='lat' dir='ltr'>cancellario</span> <span class='ocrx_word' id='word_1_334' title='bbox 1417 4614 1513 4685; x_wconf 83' lang='lat' dir='ltr'>Regni</span> <span class='ocrx_word' id='word_1_335' title='bbox 1540 4612 1575 4667; x_wconf 88' lang='lat' dir='ltr'>da</span> <span class='ocrx_word' id='word_1_336' title='bbox 1594 4611 1688 4666; x_wconf 86' lang='lat' dir='ltr'>dubiis</span> <span class='ocrx_word' id='word_1_337' title='bbox 1706 4611 1737 4665; x_wconf 93' lang='lat' dir='ltr'>in</span> <span class='ocrx_word' id='word_1_338' title='bbox 1755 4604 1967 4668; x_wconf 80' lang='lat' dir='ltr'>instructions</span> 
     </span>
     <span class='ocr_line' id='line_1_35' title="bbox 453 4699 1949 4776; baseline 0.001 -20"><span class='ocrx_word' id='word_1_339' title='bbox 453 4701 679 4758; x_wconf 83' lang='lat' dir='ltr'>occurrentibus.</span> <span class='ocrx_word' id='word_1_340' title='bbox 696 4703 722 4756; x_wconf 88' lang='lat' dir='ltr'><em>Z</em></span> <span class='ocrx_word' id='word_1_341' title='bbox 734 4703 837 4774; x_wconf 78' lang='lat' dir='ltr'>Lipska</span> <span class='ocrx_word' id='word_1_342' title='bbox 850 4704 931 4774; x_wconf 78' lang='lat' dir='ltr'>pisal</span> <span class='ocrx_word' id='word_1_343' title='bbox 945 4716 983 4767; x_wconf 82' lang='lat'>31</span> <span class='ocrx_word' id='word_1_344' title='bbox 1002 4704 1058 4758; x_wconf 88' lang='lat' dir='ltr'>III</span> <span class='ocrx_word' id='word_1_345' title='bbox 1065 4704 1121 4776; x_wconf 77' lang='lat' dir='ltr'>jak</span> <span class='ocrx_word' id='word_1_346' title='bbox 1138 4704 1233 4775; x_wconf 79' lang='lat' dir='ltr'>notujc</span> <span class='ocrx_word' id='word_1_347' title='bbox 1250 4720 1276 4756; x_wconf 79' lang='lat' dir='ltr'><strong><em>w</em></strong></span> <span class='ocrx_word' id='word_1_348' title='bbox 1293 4703 1466 4758; x_wconf 58' lang='lat' dir='ltr'>Diaduszu:</span> <span class='ocrx_word' id='word_1_349' title='bbox 1491 4700 1598 4772; x_wconf 87' lang='lat' dir='ltr'>Scripsi</span> <span class='ocrx_word' id='word_1_350' title='bbox 1616 4699 1800 4770; x_wconf 82' lang='lat' dir='ltr'>cancellario,</span> <span class='ocrx_word' id='word_1_351' title='bbox 1819 4702 1949 4758; x_wconf 84' lang='lat' dir='ltr'>vicecan-</span> 
     </span>
     <span class='ocr_line' id='line_1_36' title="bbox 453 4789 1950 4866; baseline 0.001 -21"><span class='ocrx_word' id='word_1_352' title='bbox 453 4790 578 4854; x_wconf 89' lang='lat' dir='ltr'>cellario‚</span> <span class='ocrx_word' id='word_1_353' title='bbox 597 4791 732 4862; x_wconf 88' lang='lat' dir='ltr'>episcopo</span> <span class='ocrx_word' id='word_1_354' title='bbox 753 4792 944 4866; x_wconf 60' lang='lat' dir='ltr'>Cracoviensi</span> <span class='ocrx_word' id='word_1_355' title='bbox 964 4792 1195 4860; x_wconf 88' lang='lat' dir='ltr'>Vladielaviensi‚</span> <span class='ocrx_word' id='word_1_356' title='bbox 1209 4791 1383 4861; x_wconf 83' lang='lat' dir='ltr'>Ouiaviansi,</span> <span class='ocrx_word' id='word_1_357' title='bbox 1396 4791 1531 4857; x_wconf 84' lang='lat' dir='ltr'>Pakosio‚</span> <span class='ocrx_word' id='word_1_358' title='bbox 1550 4789 1658 4858; x_wconf 76' lang='lat' dir='ltr'>Plasio,</span> <span class='ocrx_word' id='word_1_359' title='bbox 1672 4806 1762 4860; x_wconf 77' lang='lat' dir='ltr'>eppo</span> <span class='ocrx_word' id='word_1_360' title='bbox 1781 4789 1950 4859; x_wconf 80' lang='lat' dir='ltr'>Maczievio,</span> 
     </span>
     <span class='ocr_line' id='line_1_37' title="bbox 454 4879 1950 4953; baseline 0 -18"><span class='ocrx_word' id='word_1_361' title='bbox 454 4879 656 4936; x_wconf 87' lang='lat' dir='ltr'>Suohorzevio.</span> <span class='ocrx_word' id='word_1_362' title='bbox 683 4879 823 4937; x_wconf 90' lang='lat' dir='ltr'>Omnibus</span> <span class='ocrx_word' id='word_1_363' title='bbox 841 4882 907 4936; x_wconf 90' lang='lat' dir='ltr'>misi</span> <span class='ocrx_word' id='word_1_364' title='bbox 932 4881 1084 4938; x_wconf 88' lang='lat' dir='ltr'>historiam</span> <span class='ocrx_word' id='word_1_365' title='bbox 1103 4881 1139 4938; x_wconf 88' lang='lat' dir='ltr'>de</span> <span class='ocrx_word' id='word_1_366' title='bbox 1158 4881 1301 4937; x_wconf 88' lang='lat' dir='ltr'>electione</span> <span class='ocrx_word' id='word_1_367' title='bbox 1320 4882 1407 4953; x_wconf 85' lang='lat' dir='ltr'>regis,</span> <span class='ocrx_word' id='word_1_368' title='bbox 1432 4880 1548 4951; x_wconf 89' lang='lat' dir='ltr'>Lipsiae</span> <span class='ocrx_word' id='word_1_369' title='bbox 1567 4880 1746 4950; x_wconf 87' lang='lat' dir='ltr'>impressam.</span> <span class='ocrx_word' id='word_1_370' title='bbox 1766 4879 1950 4935; x_wconf 85' lang='lat' dir='ltr'>Fasciculum</span> 
     </span>
     <span class='ocr_line' id='line_1_38' title="bbox 454 4967 1275 5042; baseline 0.001 -20"><span class='ocrx_word' id='word_1_371' title='bbox 454 4967 491 5022; x_wconf 90' lang='lat' dir='ltr'>ad</span> <span class='ocrx_word' id='word_1_372' title='bbox 510 4967 537 5025; x_wconf 92' lang='lat' dir='ltr'>d.</span> <span class='ocrx_word' id='word_1_373' title='bbox 556 4969 729 5024; x_wconf 85' lang='lat' dir='ltr'>marsaloum</span> <span class='ocrx_word' id='word_1_374' title='bbox 748 4970 830 5042; x_wconf 82' lang='lat' dir='ltr'>regni</span> <span class='ocrx_word' id='word_1_375' title='bbox 849 4970 923 5038; x_wconf 85' lang='lat' dir='ltr'>misi,</span> <span class='ocrx_word' id='word_1_376' title='bbox 942 4975 975 5024; x_wconf 88' lang='lat' dir='ltr'>ut</span> <span class='ocrx_word' id='word_1_377' title='bbox 994 4970 1031 5024; x_wconf 91' lang='lat' dir='ltr'>ad</span> <span class='ocrx_word' id='word_1_378' title='bbox 1050 4970 1146 5025; x_wconf 89' lang='lat' dir='ltr'>aulam</span> <span class='ocrx_word' id='word_1_379' title='bbox 1164 4971 1275 5025; x_wconf 87' lang='lat' dir='ltr'>mittat.</span> 
     </span>
    </p>

    <p class='ocr_par' dir='ltr' id='par_1_8' title="bbox 561 5055 1952 5126">
     <span class='ocr_line' id='line_1_39' title="bbox 561 5055 1952 5126; baseline 0.001 -15"><span class='ocrx_word' id='word_1_380' title='bbox 561 5057 658 5113; x_wconf 83' lang='lat' dir='ltr'>Mowa</span> <span class='ocrx_word' id='word_1_381' title='bbox 677 5062 717 5122; x_wconf 80' lang='lat' dir='ltr'>tu,</span> <span class='ocrx_word' id='word_1_382' title='bbox 736 5057 820 5113; x_wconf 79' lang='lat' dir='ltr'>wcdle</span> <span class='ocrx_word' id='word_1_383' title='bbox 846 5059 966 5122; x_wconf 80' lang='lat' dir='ltr'>Czubka,</span> <span class='ocrx_word' id='word_1_384' title='bbox 992 5075 1008 5112; x_wconf 88' lang='lat'><em>0</em></span> <span class='ocrx_word' id='word_1_385' title='bbox 1033 5060 1191 5115; x_wconf 71' lang='lat' dir='ltr'>broszmse:</span> <span class='ocrx_word' id='word_1_386' title='bbox 1219 5059 1278 5114; x_wconf 77' lang='lat' dir='ltr'>«De</span> <span class='ocrx_word' id='word_1_387' title='bbox 1304 5058 1443 5113; x_wconf 91' lang='lat' dir='ltr'>Polonica</span> <span class='ocrx_word' id='word_1_388' title='bbox 1468 5058 1652 5113; x_wconf 86' lang='lat' dir='ltr'>electione...»</span> <span class='ocrx_word' id='word_1_389' title='bbox 1680 5055 1832 5126; x_wconf 83' lang='lat' dir='ltr'>(Stanislai</span> <span class='ocrx_word' id='word_1_390' title='bbox 1856 5058 1952 5115; x_wconf 78' lang='lat' dir='ltr'>Roscii</span> 
     </span>
    </p>
   </div>
   <div class='ocr_carea' id='block_1_7' title="bbox 0 0 2396 6225">
    <p class='ocr_par' dir='ltr' id='par_1_9' title="bbox 0 0 2396 6225">
     <span class='ocr_line' id='line_1_40' title="bbox 0 0 2396 6225; baseline 0 0"><span class='ocrx_word' id='word_1_391' title='bbox 0 0 2396 6225; x_wconf 95' lang='lat' dir='ltr'> </span> 
     </span>
    </p>
   </div>
  </div>
 </body>
</html>
