4775 6225
475 760 531 826 846

474 936 509 996 et
543 928 705 1016 Regnum
749 924 969 1014 tranquillum
1019 948 1096 993 cum
1146 919 1309 993 Caesarea
1348 920 1435 993 M-te
1489 934 1524 992 et
1573 919 1756 993 ditionibus
1789 918 1975 993 Caesareae

475 1039 572 1107 M-tis
596 1040 878 1127 quemadmodum
896 1047 931 1106 et
953 1062 1030 1106 curn
1053 1040 1128 1128 ipsa
1150 1038 1296 1105 Ser-tate
1319 1038 1388 1106 Sua
1410 1038 1604 1125 familiaque
1636 1038 1708 1104 eius
1731 1048 1765 1104 et
1787 1039 1862 1105 aliis
1894 1062 1973 1128 prc-

476 1148 613 1236 pinquis
625 1150 657 1231 ²).
682 1147 774 1227 Quae
797 1147 931 1233 quidem
955 1146 1164 1212 conditiones
1188 1146 1262 1211 sine
1279 1145 1490 1233 turpitudine
1504 1167 1667 1232 personae
1685 1145 1791 1233 ipsius
1811 1146 1880 1212 sint
1895 1146 1974 1212 Ser·

475 1254 520 1321 tis
543 1276 632 1338 suae,
655 1253 800 1320 maxime
823 1262 935 1320 autem
958 1254 1002 1319 ad
1024 1253 1258 1339 integritatem
1280 1253 1395 1339 Regni
1419 1252 1518 1318 huius
1550 1261 1584 1318 et
1607 1260 1676 1318 tam
1704 1254 1890 1337 insignium
1914 1253 1972 1320 da-

474 1383 631 1429 mnorum
654 1369 754 1448 atque
768 1369 973 1448 sumptuum,
986 1369 1057 1427 tam
1075 1359 1295 1448 publicorum,
1314 1382 1414 1446 quam
1433 1359 1642 1448 privatorum
1661 1361 1971 1447 compensationem

477 1468 677 1557 pertineant
699 1469 863 1534 Homines
897 1468 1072 1533 nationum
1103 1474 1302 1551 exterarum,
1335 1467 1393 1553 qni
1424 1466 1528 1533 Ser-ti
1551 1467 1639 1533 Suae
1660 1476 1863 1551 mernerunt,
1882 1468 1973 1533 saln-

476 1575 521 1641 tis
539 1597 619 1642 snae
642 1576 750 1642 securi
774 1583 880 1641 erunt
904 1575 969 1654 Qui
996 1574 1165 1641 tenuiores
1189 1597 1230 1640 ex
1262 1574 1330 1640 illis
1371 1583 1459 1658 sunt,
1492 1575 1594 1640 armis
1626 1574 1768 1659 traditis,
1800 1575 1873 1640 sine
1905 1575 1975 1641 nlla

475 1683 648 1749 exactione
670 1691 729 1749 aut
751 1682 861 1771 pretio
883 1681 981 1749 libari
1004 1682 1224 1749 dimittentur.
1248 1681 1457 1769 Insigniores
1480 1682 1598 1748 salutis
1621 1690 1656 1747 et
1678 1681 1843 1749 libertatis
1862 1681 1973 1748 securi

476 1797 584 1871 amnt,
607 1790 669 1856 snb
692 1790 801 1878 pretio
825 1790 867 1855 de
899 1811 965 1876 quo
997 1789 1201 1857 convenerit.
1234 1788 1298 1869 Qui
1329 1789 1476 1856 nationis
1508 1789 1682 1877 polonicae
1712 1790 1861 1876 gregarii
1893 1797 1973 1855 sunt

474 1896 599 1963 milites
621 1897 694 1984 regi
732 1897 951 1984 Sigismnndo
983 1904 1019 1962 et
1050 1896 1172 1983 Regno
1205 1896 1393 1963 iuramento
1425 1897 1587 1984 praestito
1619 1896 1717 1964 liberi
1749 1897 1973 1963 dimittentur.

475 2005 684 2092 Insigniores
707 2005 796 2071 circa
819 2004 966 2071 Ser-tem
990 2004 1093 2072 Suam
1127 2005 1171 2070 ad
1194 2003 1468 2071 deliberationem
1500 2004 1629 2091 Regiae
1656 2004 1753 2069 M-tis
1776 2012 1810 2070 et
1833 2012 1970 2071 senatus

476 2120 584 2180 erunt.
621 2112 791 2193 Quantum
823 2113 867 2178 ad
898 2112 1005 2178 vitam
1038 2119 1072 2178 et
1104 2111 1230 2178 famam
1262 2134 1378 2178 eornm
1409 2112 1565 2199 pertinet,
1597 2134 1711 2177 earnm
1744 2134 1870 2199 poenas
1902 2134 1973 2177 non

477 2218 664 2307 irrogatum
710 2220 752 2285 iis
797 2219 848 2304 iri,
894 2220 995 2285 dnus
1040 2219 1208 2305 generalis
1254 2218 1449 2307 capitaneus
1485 2218 1614 2306 recipit,
1659 2220 1707 2283 ita
1747 2241 1784 2283 re
1823 2219 1972 2305 provisa,

476 2350 520 2394 ne
552 2326 693 2414 posthac
725 2334 836 2392 motus
869 2326 998 2412 aliquos
1031 2334 1148 2392 contra
1181 2325 1326 2412 Regiam
1358 2326 1480 2391 M-tem
1512 2334 1546 2391 et
1578 2325 1635 2412 qni
1667 2325 1738 2390 eius
1770 2333 1885 2412 partes
1918 2348 1970 2391 se·

475 2433 544 2501 cuti
567 2441 655 2517 sunt,
678 2433 796 2499 itidem
819 2441 937 2499 eontra
959 2433 1078 2520 Bemp.
1097 2432 1236 2498 excitari
1254 2432 1394 2521 possint
1412 2432 1465 2497 De
1482 2432 1580 2498 bonis
1599 2432 1824 2498 immobilibus
1845 2454 1972 2517 eorum,

475 2540 605 2608 sincere
627 2547 661 2606 et
683 2539 865 2606 bonafide
888 2540 991 2605 dnus
1015 2539 1182 2625 generalis
1215 2539 1410 2627 capitaneus
1443 2539 1611 2628 promittit
1642 2540 1902 2604 intercessurum
1934 2562 1972 2604 se

475 2648 519 2714 ad
540 2647 687 2734 Regiam
709 2646 837 2713 lli-tem
861 2647 958 2726 Quod
981 2648 1024 2713 ad
1046 2646 1183 2713 mobilia
1207 2670 1246 2712 ea
1269 2646 1424 2735 pertinet,
1447 2670 1533 2733 quae
1555 2670 1659 2735 penes
1685 2647 1761 2713 illos
1794 2655 1881 2730 aunt,
1909 2669 1970 2714 no-

474 2761 555 2821 runt
577 2753 629 2820 ins
652 2753 828 2821 hominum
850 2753 1055 2838 militarium,
1078 2754 1114 2819 in
1138 2775 1281 2841 qnorum
1303 2754 1544 2841 praeiudicium
1576 2755 1612 2820 id
1648 2753 1836 2839 infringere
1868 2753 1969 2819 d-nus

475 2860 644 2949 generalis
667 2860 861 2948 capitaneus
884 2882 954 2927 non
980 2868 1100 2949 potest.
1133 2859 1288 2927 Ser-mus
1319 2861 1495 2927 Archidux
1525 2883 1616 2926 nunc
1648 2859 1762 2926 statim
1795 2859 1969 2945 spondeat,

474 2975 510 3034 et
531 2966 726 3056 perscribat,
748 2975 786 3034 ut
809 2967 975 3034 Luboulia
998 2968 1113 3033 statim
1134 2968 1339 3035 restituatur.
1364 2968 1453 3047 Quas
1477 2968 1613 3054 quidem
1632 2990 1734 3056 supra
1752 2966 1894 3054 scriptas
1913 2989 1968 3032 res

475 3076 636 3166 promitto
658 3083 693 3144 et
715 3076 866 3165 spondeo
888 3075 1034 3143 firmiter
1057 3084 1091 3143 et
1114 3076 1331 3143 immobiliter
1352 3076 1567 3144 observatum
1589 3074 1639 3143 iri
1651 3076 1676 3157 ³)

584 3257 605 3323 ¹)
626 3255 712 3326 osup,
731 3272 746 3308 a
758 3255 959 3324 francuskiego
976 3271 1092 3326 ranqon

582 3348 604 3415 ¹)
629 3345 668 3399 W
673 3350 858 3418 pospicsanym
877 3346 1064 3400 tlumacacniu
1082 3346 1170 3399 tckstu
1183 3346 1322 3416 poltkiego
1335 3362 1374 3399 ua
1387 3345 1480 3413 tacius
1497 3349 1680 3415 sapomniano
1692 3346 1749 3399 dal
1758 3363 1784 3398 ro
1797 3349 1850 3415 {yur
1863 3348 1971 3400 sdaniu

474 3439 639 3489 meczsnia.
659 3437 716 3489 Bra
735 3438 893 3489 oraecacnia
912 3437 1121 3502 wydrukowano
1140 3440 1180 3489 tet
1200 3452 1225 3487 w
1243 3436 1352 3490 abierat
1369 3437 1544 3504 unfdovym,
1570 3438 1713 3503 zkto'rego
1739 3437 1808 3489 tekst
1832 3443 1876 3490 ten
1902 3438 1969 3489 dm·

475 3525 586 3596 kujemy.

584 3619 603 3683 ⁸)
625 3614 814 3668 Okclicznolci
838 3613 974 3681 wyslam'a
997 3622 1080 3683 praes
1108 3615 1298 3682 Zamoyskiego
1318 3615 1488 3683 powytszyct
1515 3615 1676 3667 samnitum
1703 3614 1969 3684 Maksymilianoroi,

474 3704 532 3772 byly
550 3705 633 3758 wedlc
649 3704 849 3757 Heidenstcina
868 3703 987 3770 (Rerum
1006 3703 1229 3773 polonicorum...
1249 3703 1313 3758 libri
1331 3704 1400 3767 XII,
1420 3721 1442 3759 s.
1461 3705 1525 3772 282)
1544 3705 1739 3775 nastfpujqce:
1753 3714 1790 3775 po
1802 3707 1972 3775 praegranej

474 3793 566 3847 bimis
585 3796 718 3846 ...Actum
737 3793 803 3846 inde
823 3792 858 3846 de
878 3792 1091 3847 conditionibus
1110 3792 1264 3846 deditionis
1283 3795 1347 3848 tuit.
1374 3793 1446 3847 Cum
1465 3795 1494 3846 in
1514 3811 1627 3846 summa
1651 3795 1862 3864 properatione,
1881 3800 1969 3848 nocte

474 3882 532 3936 iam
550 3882 714 3952 ingruente,
742 3881 844 3935 charte
863 3882 1077 3952 atramentiqne
1106 3892 1167 3935 tam
1197 3881 1292 3937 subito
1312 3883 1424 3952 copiam
1452 3881 1559 3936 habere
1588 3882 1756 3936 Zamoscius
1781 3900 1840 3936 non
1859 3889 1969 3952 posset,

473 3971 503 4024 in
522 3970 710 4042 pugillaribus
728 3988 781 4024 sua
799 3988 886 4023 manu
905 3987 955 4024 eas
973 3971 1158 4041 perscriptas,
1184 3970 1262 4025 hisce
1282 3988 1355 4041 quae
1375 3977 1534 4041 sequuntur
1561 3972 1657 4025 verbis
1685 3972 1721 4024 ad
1740 3972 1968 4026 Maximiliannm

474 4059 580 4113 misit...
609 4060 755 4112 Portemus
782 4060 851 4113 tskst
869 4058 962 4129 polski
995 4060 1159 4113 kanceloria
1178 4060 1368 4128 Zamoyskicgo
1393 4062 1502 4129 dopicro
1527 4061 1693 4129 tlumaczyla
1711 4060 1760 4114 Δία
1781 4060 1968 4114 aldobrandi-

474 4152 552 4215 nicgo
571 4165 589 4202 a
608 4149 685 4201 taktc
708 4148 852 4218 praestata
872 4150 940 4202 tekst
953 4147 1045 4217 pclski
1058 4148 1258 4217 kardynalowi‚
1272 4150 1376 4220 wydajc
1393 4153 1440 4217 sig,
1459 4157 1490 4203 tc
1501 4154 1678 4221 picrwctnym
1698 4152 1812 4212 tckstcnu
1827 4168 1852 4202 w
1865 4151 1967 4218 kto'rym

474 4236 617 4304 Zamoyski
644 4237 840 4308 ssormulomal
866 4243 891 4292 te
918 4239 1048 4291 wamnki
1075 4238 1120 4307 by!
1145 4239 1214 4293 tekst
1234 4240 1333 4309 polski.
1361 4222 1505 4307 dwiadczy
1523 4256 1538 4292 0
1557 4244 1609 4307 lym
1637 4243 1714 4293 takte
1736 4240 1910 4302 okoliczncll,
1938 4247 1968 4293 ac

474 4343 500 4378 w
524 4328 690 4394 urafdowym
716 4330 928 4392 wydawnictwie
952 4327 1106 4390 laddskim,
1135 4327 1377 4383 Pacificationis...
1404 4328 1511 4398 scripta
1536 4328 1656 4398 aliquot,
1681 4329 1886 4398 opublikowano
1904 4331 1967 4399 naj-

468 4419 558 4486 pimo
576 4415 645 4469 tekst
655 4415 755 4485 potrki,
773 4433 793 4470 a
805 4421 895 4487 potem
913 4419 1023 4487 depierc
1033 4420 1098 4487 jcgo
1117 4418 1303 4471 tlumaczcnie.

477 4652 529 4723 ta.
554 4652 760 4739 Prutcstaola
785 4653 1020 4742 zamuystlauo
1039 4674 1068 4724 s
1091 4656 1230 4742 aurasia
1256 4656 1376 4725 tollant
1580 4657 1738 4741 Krakow,
1762 4661 1802 4724 27
1828 4657 1845 4721 Ι
1872 4660 1965 4725 1588.

612 4830 770 4884 Arckiwum
792 4830 904 4885 Glo'wne
921 4831 977 4885 ΑΜ
993 4831 1132 4897 Bawnyclt
1150 4849 1176 4885 w
1200 4832 1377 4896 Warszawie‚
1396 4834 1525 4903 Metryka
1543 4837 1599 4889 ker.
1619 4840 1638 4888 t.
1658 4847 1721 4901 134,
1739 4852 1761 4887 s.
1781 4837 1827 4900 87.

580 4992 762 5074 Zamoyski,
786 4993 951 5075 ns'eobecny
982 5015 1028 5058 na
1058 4995 1170 5077 sejmie
1190 4996 1254 5060 kor.
1276 4997 1434 5062 skutkiem
1466 5007 1632 5081 wyprawy
1658 4998 1864 5079 byczynskiq',
1889 5007 1965 5081 pro

473 5100 585 5181 testuje
610 5109 708 5183 praes
738 5100 920 5166 sekretarza
952 5101 1054 5166 wielk.
1087 5102 1201 5167 sztra
1227 5104 1258 5168 Τ
1246 5103 1413 5186 ylickiegu,
1445 5104 1477 5170 is
1499 5126 1519 5169 a
1540 5105 1744 5187 powinnos‘ci
1772 5106 1860 5187 swq',
1881 5105 1966 5186 jako
