4775 6225
1827 780 1880 838 119

378 940 469 1008 sima
501 941 661 1009 mandata
693 940 850 1007 dederam
863 944 895 1027 ¹),
926 949 999 1008 tum
1030 940 1130 1007 ill-ris
1162 948 1198 1007 et
1228 940 1433 1028 magnificus
1460 940 1562 1008 etiam
1586 941 1688 1008 d-nus
1712 941 1880 1034 palatinus

379 1050 656 1134 cracoviensis‘)
677 1050 791 1118 literas
814 1052 858 1118 ad
880 1052 990 1118 D·nes
1012 1050 1152 1117 Vestras
1175 1071 1236 1137 per
1258 1049 1402 1115 eundem
1424 1048 1569 1115 miserat
1597 1050 1686 1116 Eum
1709 1073 1799 1117 nunc
1820 1073 1880 1117 ne·

380 1160 539 1226 oessariis
571 1158 771 1247 quibusdam
803 1159 913 1226 causis
945 1159 982 1224 in
1013 1158 1134 1225 itinere
1165 1157 1356 1224 substitisse
1388 1156 1496 1223 audio.
1529 1156 1625 1237 Quod
1649 1180 1725 1224 cum
1748 1165 1878 1246 praeter

380 1289 520 1335 omnem
539 1267 731 1356 opinionem
749 1290 859 1334 meam
877 1266 962 1333 mihi
980 1266 1119 1351 accidat,
1142 1265 1223 1353 quid
1243 1265 1333 1331 aliud
1357 1265 1421 1331 hoc
1444 1273 1595 1352 tempore
1618 1264 1660 1330 ad
1683 1266 1790 1331 Dnes
1813 1265 1879 1331 Ve-

381 1385 473 1442 stras
505 1376 650 1443 scribam
672 1397 741 1442 non
763 1375 880 1461 habeo,
903 1382 1138 1462 praeterquam
1160 1374 1190 1440 si
1213 1373 1270 1439 illc
1292 1372 1335 1438 ad
1358 1394 1414 1438 eas
1437 1372 1637 1460 pervenerit,
1665 1394 1706 1438 ex
1728 1372 1785 1439 illo
1809 1394 1879 1439 om·

379 1484 484 1551 nibus
506 1484 549 1550 de
571 1482 670 1551 rebus
693 1483 895 1550 sententiam
917 1505 1027 1549 meam
1049 1482 1158 1547 Duas
1180 1481 1320 1547 Vestras
1344 1479 1548 1566 cognituras;
1574 1480 1601 1545 si
1625 1479 1681 1545 ille
1704 1479 1816 1567 aliqua
1838 1502 1879 1546 ex

381 1614 487 1659 causa
517 1614 559 1658 ex
590 1591 709 1658 itinere
736 1591 948 1658 revocabitur
979 1611 1110 1678 egoque
1140 1587 1303 1676 temporis
1326 1587 1492 1654 brevitate
1513 1586 1602 1653 forte
1625 1587 1790 1671 excludar,
1814 1610 1880 1675 quo

380 1699 497 1766 minus
516 1707 595 1766 ante
612 1700 687 1788 ipsa
705 1699 841 1767 comitia
859 1697 1031 1766 electionis
1050 1697 1185 1764 mittere
1204 1696 1349 1784 aliquem
1367 1696 1504 1784 possim,
1527 1717 1588 1782 par
1611 1716 1710 1781 quem
1733 1694 1881 1761 fidenter

380 1807 541 1874 omnibus
559 1807 601 1874 de
619 1807 718 1874 rebus
737 1807 898 1874 cumillis
917 1805 1169 1889 communicem,
1187 1813 1226 1871 ut
1243 1826 1306 1892 pro
1329 1826 1369 1870 eo
1391 1802 1512 1887 studio,
1536 1802 1625 1889 quod
1648 1823 1709 1889 per
1731 1802 1879 1869 Heiden·

379 1914 544 1981 steinium
562 1914 647 1981 mihi
664 1916 865 2000 detulerunt,
887 1913 1008 2001 legatis
1032 1923 1146 1979 tamen
1169 1912 1248 1997 suis,
1272 1911 1361 1999 quod
1385 1910 1427 1977 ad
1451 1909 1586 1977 comitia
1609 1908 1781 1976 electionis
1804 1910 1878 1977 mit·

379 2030 467 2107 tent,
498 2023 634 2111 plenam
664 2023 860 2090 facultatem
893 2022 1047 2090 omnibus
1080 2021 1122 2087 de
1144 2021 1254 2106 rebus,
1278 2043 1362 2108 quae
1385 2020 1429 2086 ad
1452 2041 1491 2084 ea
1513 2027 1666 2105 tempora
1688 2026 1723 2084 et
1745 2027 1879 2105 statum,

378 2130 530 2197 maxime
547 2138 660 2198 autem
678 2132 722 2198 ad
740 2130 1016 2218 tranquillitatem
1034 2129 1222 2197 communis
1245 2127 1448 2216 reipublicae
1471 2126 1607 2211 eiusque
1630 2126 1879 2213 provinciarum

379 2238 545 2305 tuendam
559 2239 783 2327 pertinebunt,
797 2261 928 2305 mecum
942 2237 1066 2325 agendi
1081 2238 1171 2321 dent,
1184 2244 1274 2325 peto.
1291 2237 1468 2323 D-nesque
1481 2234 1620 2300 Vestras
1635 2256 1735 2321 quam
1754 2236 1880 2323 optime

378 2345 497 2413 valere
521 2346 628 2435 cupio.
651 2347 827 2415 Zamoscio
850 2347 905 2413 die
927 2346 982 2412 XI
1004 2345 1130 2412 mensis
1153 2345 1236 2411 Maii
1258 2366 1347 2411 anno
1369 2343 1454 2408 D-ni
1477 2341 1765 2409 MDLXXXVIL

491 2453 602 2541 Spect
625 2455 667 2521 D.
690 2455 888 2521 Vestrarum
920 2453 1047 2521 amicus
1080 2452 1347 2520 studiosissimus
1371 2452 1462 2518 Ioan.
1487 2448 1658 2516 Zamoiski
1687 2452 1880 2520 cancellat

378 2560 552 2646 generalis
575 2584 646 2650 cap.
671 2570 729 2629 sst

493 2759 516 2824 ¹)
540 2755 578 2809 W
590 2758 628 2829 tcj
643 2762 762 2827 sprawic
778 2758 818 2812 ob.
839 2759 890 2812 list
905 2759 1096 2827 Zamoyskr'cgo
1113 2775 1129 2810 z
1147 2770 1182 2811 12
1201 2757 1247 2812 IV
1263 2759 1348 2824 1587,
1367 2775 1406 2811 nr
1422 2771 1500 2823 1213.

494 2849 517 2916 ¹)
534 2846 658 2919 Μαι]
676 2848 826 2917 chzyruki.

380 3188 484 3259 m.
533 3188 649 3260 nuduli
672 3189 696 3258 ΙΙ
721 3189 761 3261 dc
785 3189 1019 3280 zamoyauqo
1516 3193 1638 3280 Praga,
1663 3197 1705 3261 14
1727 3193 1760 3260 V
1786 3197 1879 3264 1587.

378 3386 590 3471 Zapowrizda
608 3386 833 3469 kandydaturg
849 3388 1063 3470 arcyksrqaqt,
1080 3410 1103 3452 a
1120 3391 1239 3472 praede
1255 3389 1441 3472 wszystkim
1459 3391 1609 3466 Ernesto,
1627 3412 1673 3455 na
1691 3392 1885 3476 najbliaszq'

856 3495 972 3578 elckcji,
995 3497 1011 3560 i
1025 3496 1120 3580 prosi
1139 3517 1157 3560 0
1180 3497 1231 3561 ich
1248 3497 1406 3579 peporcit.

491 3686 574 3741 Arck.
589 3687 687 3750 Domo,
701 3687 806 3742 omem
820 3692 833 3743 i
845 3689 981 3744 Paristwa
995 3708 1020 3743 w
1039 3689 1174 3755 Wicdniu,
1189 3691 1333 3745 Polonica.
1348 3692 1471 3746 Brulion
1490 3693 1760 3763 zpnckrcr‘lcniami
1772 3696 1785 3746 i
1797 3699 1879 3748 usta-

379 3778 496 3831 numi.

493 3954 694 4044 Rudolphus
717 3964 779 4024 etc.
801 3958 852 4024 ΠΙ.
876 3965 911 4024 et
932 3957 1023 4045 Mag.
1046 3965 1080 4024 et
1102 3958 1231 4025 sincere
1254 3959 1351 4026 nobis
1375 3958 1505 4026 dilecte.

493 4062 579 4130 Cum
611 4064 741 4131 sublato
773 4087 880 4152 nuper
912 4087 953 4131 ex
974 4065 1064 4132 vivis
1087 4088 1211 4134 ser-mo
1234 4067 1388 4155 principe
1410 4066 1492 4135 d·no
1516 4067 1688 4155 Stephano
1710 4089 1791 4156 rege
1814 4069 1880 4137 Po·

381 4169 496 4237 louiae
526 4192 650 4257 magno
678 4172 763 4238 duce
794 4172 975 4239 Lithuniae
998 4181 1059 4240 etc.
1083 4174 1280 4261 propediem
1303 4175 1346 4240 de
1367 4196 1457 4241 novo
1479 4195 1560 4263 rege
1583 4175 1619 4241 in
1641 4175 1809 4242 demortui
1830 4176 1879 4243 lo·

382 4300 462 4345 cum
486 4279 643 4366 eligendo
665 4281 935 4368 sufficiendoque
957 4283 1114 4349 tractatio
1136 4282 1292 4368 ineunda,
1315 4283 1465 4370 adeoque
1488 4283 1555 4349 iam
1578 4283 1769 4351 huiusmodi
1794 4286 1879 4351 elec·

381 4387 470 4454 tioni
490 4395 600 4454 certus
619 4387 691 4454 dies
710 4389 912 4455 constitutus
931 4389 983 4456 sit
1006 4389 1061 4456 Ad
1085 4397 1237 4456 mutuam
1260 4399 1372 4458 autem
1395 4390 1663 4458 benevolentiam
1686 4399 1721 4459 et
1743 4392 1879 4459 coniun-

382 4495 540 4580 ctionem,
560 4517 644 4582 quae
662 4496 869 4584 amplissimo
888 4497 945 4562 isti
963 4497 1085 4584 Regno
1104 4520 1181 4564 cum
1200 4497 1316 4564 inclita
1333 4506 1446 4565 nostra
1468 4498 1646 4568 Austriaca
1667 4500 1768 4567 domo
1791 4500 1878 4567 eius-

381 4602 529 4689 demque
560 4602 675 4689 regnis
703 4612 737 4669 et
764 4603 931 4689 dominiis
962 4603 1161 4691 praesertim
1183 4627 1265 4671 vero
1288 4604 1460 4691 Bohemia‚
1483 4629 1503 4672 a
1525 4606 1641 4673 multis
1664 4607 1804 4674 saeculis
1828 4607 1878 4673 in·

380 4709 536 4793 tercedit,
569 4730 637 4777 non
669 4711 769 4778 modo
793 4711 975 4778 fovendam
998 4712 1329 4800 conservandamque
1361 4714 1420 4779 sed
1444 4721 1576 4780 etcum
1600 4713 1774 4801 utriusque
1797 4713 1879 4800 quin

380 4816 487 4883 etiam
509 4816 613 4882 totius
636 4816 854 4904 Reipublicae
877 4817 1087 4883 Christianae
1110 4819 1284 4887 commodo
1308 4827 1342 4886 et
1364 4820 1471 4886 salute
1494 4818 1728 4886 stabiliendam
1751 4842 1878 4907 augen-

379 4923 530 5009 damque
562 4923 742 5009 plurimum
770 4924 860 4990 haud
883 4924 983 4990 dubie
1005 4923 1168 4990 momenti
1190 4926 1369 4993 allaturum
1392 4927 1446 5011 sit,
1468 4927 1497 4993 si
1520 4927 1556 4994 in
1579 4927 1694 4993 futura
1717 4924 1878 4992 electione

377 5038 520 5097 nostrae
544 5029 640 5096 istius
664 5030 799 5097 inclitae
821 5031 951 5114 domus,
969 5031 1166 5118 praesertim
1188 5054 1271 5100 vero
1294 5032 1393 5100 unius
1417 5056 1458 5099 ex
1481 5033 1613 5099 ser-mis
1631 5032 1792 5099 fratribus
1816 5054 1876 5098 no·

377 5136 462 5203 stris
494 5159 577 5225 prae
600 5135 719 5204 aeteus
752 5137 1027 5226 competitoribus
1060 5137 1203 5205 habetur
1234 5139 1328 5207 ratio.
1361 5140 1431 5207 Nos
1458 5162 1527 5208 non
1550 5147 1620 5207 tem
1643 5139 1711 5206 ulla
1737 5138 1804 5205 alia
1825 5160 1877 5205 ra·
