4775 6225
442 689 504 759 lii,

442 862 498 934 ⁴8.
534 862 693 952 tranunt
716 861 753 931 ΙΙΙ
788 878 959 933 ποιησαι
984 859 1103 933 ctuar
1124 847 1304 931 staurium
1326 847 1555 950 tripartiens,
1580 850 1591 930 Ι
1617 849 1685 931 int
1713 848 1959 949 serbiam,

445 958 565 1057 natale
587 967 835 1055 leucratlcuu

1524 1055 1669 1141 Lublin,
1695 1077 1720 1123 2
1747 1057 1812 1123 XI
1840 1058 1959 1137 1588¹t

551 1237 633 1291 Arci.
656 1236 769 1290 Gidwnc
793 1253 818 1288 w
842 1234 1019 1297 Warszawie,
1045 1235 1130 1288 Metr.
1150 1237 1208 1288 ker.
1227 1246 1283 1300 135
1301 1236 1325 1287 k.
1341 1238 1462 1300 327-8.
1490 1234 1551 1288 Arx
1569 1232 1794 1305 Derpatensis
1822 1252 1892 1290 oum
1915 1236 1964 1289 suis

443 1325 607 1380 attinentiis
625 1324 782 1394 magnifico
801 1324 897 1395 Regni
915 1322 1086 1378 cancellario
1105 1326 1261 1378 confertur.

552 1484 790 1571 Sigismundus
823 1484 942 1551 tertius
975 1492 1039 1550 etc.
1073 1483 1306 1571 significamus
1339 1492 1409 1570 etc,
1433 1484 1522 1570 quod
1554 1505 1736 1551 concessa
1779 1486 1912 1552 illustri
1939 1495 1965 1551 et

443 1591 628 1678 magnifico
650 1591 778 1658 Joanni
801 1591 843 1657 de
866 1590 1040 1657 Zamosoie
1064 1611 1220 1678 supremo
1243 1590 1356 1676 Regni
1379 1590 1486 1657 nostri
1509 1590 1727 1659 cancellario
1756 1600 1799 1658 et
1824 1593 1965 1680 generali

444 1699 659 1783 exercituum,
673 1697 837 1783 Belaensi,
847 1696 1143 1783 Mariaeburgensi,
1157 1697 1398 1784 Knyssynensi
1412 1696 1759 1785 ldiedairccensique
1781 1701 1967 1788 capitaneo,

444 1806 487 1873 ob
509 1804 800 1893 praestantissima
822 1803 929 1892 ipsius
952 1802 1073 1869 merita
1095 1803 1184 1870 divis
1208 1803 1519 1890 praedecessoribus
1542 1804 1680 1871 nostris
1720 1807 1908 1894 nobisque
1936 1829 1967 1872 ac

443 1912 646 2001 reipublicae
678 1913 840 2000 praestita
872 1933 948 1978 arce
975 1919 1009 1977 et
1032 1911 1170 1977 civitate
1192 1911 1395 1999 Derpatensi
1426 1912 1462 1977 in
1484 1910 1642 1996 Idvonia,
1681 1935 1773 1980 cum
1813 1916 1968 1982 universo

443 2020 549 2109 ipsius
572 2020 741 2087 territorio
766 2018 963 2104 arcibusque
986 2017 1060 2084 aliis
1084 2040 1123 2085 ac
1146 2018 1289 2106 oppidis,
1304 2019 1459 2106 praediis,
1473 2018 1562 2085 villis
1586 2018 1777 2107 bonisque
1799 2033 1840 2089 et
1860 2021 1969 2089 fundis

444 2127 598 2194 omnibus
631 2128 674 2193 ad
706 2149 780 2193 cam
812 2125 1068 2215 pertinentibus,
1091 2134 1130 2192 ut
1161 2125 1332 2193 concessio
1364 2126 1430 2192 ista
1460 2133 1577 2193 nostra
1608 2108 1724 2214 plene
1760 2152 1809 2196 ac
1840 2132 1970 2217 integre

444 2235 603 2301 effectum
636 2255 734 2300 suum
766 2233 934 2317 sortiatur,
957 2241 1061 2319 utque
1085 2255 1132 2317 ea,
1165 2254 1250 2318 qnae
1281 2233 1324 2299 ad
1357 2254 1468 2299 arcem
1504 2233 1606 2299 istam
1637 2235 1914 2321 pertinuerunt
1942 2247 1970 2302 et

443 2343 614 2431 pertinent
637 2351 671 2408 et
693 2341 735 2408 ab
758 2364 798 2408 ea
830 2341 947 2407 avulsa
988 2349 1023 2406 et
1054 2339 1224 2406 abstracta
1257 2362 1389 2422 quoquo
1421 2341 1522 2408 modo
1553 2340 1713 2427 inerunt,
1739 2343 1800 2409 illi
1837 2367 1971 2411 rursum

443 2450 640 2517 reuniantur
661 2458 696 2515 et
714 2449 943 2533 restituantur,
966 2470 1005 2514 ea
1029 2448 1130 2514 etiam
1148 2446 1245 2533 bona,
1265 2447 1404 2535 quaein
1422 2448 1591 2515 territorio
1609 2448 1845 2537 Derpatensi
1871 2475 1970 2540 gene·

444 2578 520 2624 rosc
543 2556 691 2622 Mathiae
714 2557 804 2623 Koss
828 2555 935 2622 aulico
955 2554 1161 2621 serenissimi
1177 2554 1349 2637 ¹quondam
1368 2554 1459 2641 regis
1478 2554 1643 2641 Stephani
1664 2578 1746 2624 non
1761 2558 1820 2624 ita
1835 2560 1970 2647 pridem

444 2665 561 2732 functo
584 2664 656 2731 vita
679 2685 960 2749 concesseramus,
973 2664 1061 2730 bona
1084 2662 1244 2730 nimirum
1263 2702 1304 2714 —
1319 2670 1346 2743 ¹)
1368 2672 1403 2729 et
1425 2663 1495 2731 soie
1515 2700 1555 2708 —
1570 2669 1598 2746 ¹)
1620 2685 1738 2731 uncos
1759 2668 1804 2732 in
1826 2691 1868 2735 sa
1893 2691 1969 2735 con·

443 2773 586 2840 tinentia
618 2772 661 2839 ad
684 2793 805 2860 corpus
838 2794 972 2838 rursum
1005 2772 1146 2838 aliorum
1168 2771 1241 2837 eius
1264 2771 1350 2838 arcis
1373 2771 1538 2838 bonorum
1569 2770 1810 2858 adiungenda
1834 2798 1880 2842 ac
1905 2776 1968 2863 ipsi

443 2881 566 2946 illustri
598 2888 632 2946 et
663 2879 848 2966 magnifico
879 2877 1006 2946 Joanni
1040 2879 1082 2945 de
1105 2878 1279 2946 Zamosoie
1310 2878 1346 2944 iu
1378 2900 1477 2944 usum
1508 2886 1544 2945 et
1574 2880 1849 2964 possessionem
1889 2905 1965 2949 cum

444 2987 598 3055 omnibus
623 3009 739 3055 eorum
761 2987 927 3054 fructibus
951 3009 990 3054 ac
1012 2986 1176 3053 reditibus
1210 2987 1252 3052 ed
1271 2995 1420 3053 externa
1441 2986 1532 3053 vitae
1555 2986 1660 3073 ipsius
1687 2996 1863 3077 tempora
1887 3013 1964 3057 oon·

444 3095 584 3163 ferenda
606 3104 640 3163 et
663 3095 877 3164 concedenda
899 3117 972 3161 esse
994 3093 1199 3183 putavimus,
1223 3094 1504 3177 quemadmodum
1528 3093 1663 3176 quidem
1693 3094 1832 3164 litteris
1868 3097 1963 3164 hisce

444 3204 569 3271 nostris
592 3203 796 3270 conferimus
815 3211 850 3268 et
868 3201 1083 3269 concedimus
1106 3202 1267 3286 volentes,
1280 3211 1319 3269 nt
1332 3202 1469 3270 omnino
1488 3210 1779 3270 commemoratus
1800 3205 1961 3272 Joannes

444 3311 486 3378 de
509 3310 682 3377 Zamosoie
706 3310 798 3375 otiis
818 3318 852 3375 et
870 3310 944 3375 aliis
963 3309 1129 3387 omnibus,
1148 3331 1232 3392 quae
1246 3310 1290 3376 ed
1309 3332 1382 3376 eam
1401 3332 1511 3376 arcem
1530 3316 1685 3396 spectant
1709 3319 1773 3376 aut
1794 3322 1956 3398 spectare

444 3418 568 3484 debent
590 3418 687 3484 bonis
711 3426 812 3499 atque
839 3417 964 3498 lundis,
998 3416 1127 3482 arcibus
1153 3417 1254 3482 etiam
1278 3417 1388 3500 curiis,
1406 3416 1552 3504 praediis
1574 3424 1608 3481 ct
1630 3415 1816 3497 quibusvis
1845 3420 1953 3500 bonis,

444 3533 514 3590 tam
546 3525 698 3611 publicis
723 3547 822 3606 quam
857 3525 992 3590 caducis
1016 3547 1036 3589 a
1060 3525 1138 3589 divo
1173 3524 1345 3611 Stephano
1378 3525 1446 3590 arci
1469 3525 1578 3590 cidem
1592 3524 1773 3608 adiunctis,
1810 3528 1951 3592 univer·

444 3633 556 3714 sisque
571 3634 654 3698 adeo
673 3633 870 3717 attinentiis,
885 3632 1111 3717 integerrime,
1126 3633 1310 3697 secundum
1325 3633 1452 3697 litteras
1468 3642 1501 3697 et
1515 3632 1768 3698 concessionem
1779 3643 1951 3715 nostram,

444 3740 592 3825 potiatur
615 3749 649 3804 et
672 3740 728 3803 illa
760 3739 919 3815 obtineat,
951 3761 1060 3820 neque
1092 3740 1198 3804 ullum
1231 3738 1261 3803 ei
1293 3739 1422 3805 ratione
1456 3760 1740 3820 quorumcumque
1775 3740 1946 3805 bonorum

444 3848 530 3913 arcis
554 3856 587 3913 et
610 3848 772 3913 territorii
796 3848 945 3913 eiusdem
969 3848 1188 3934 Derpatensis
1208 3847 1382 3932 negotium
1406 3855 1463 3911 aut
1486 3847 1764 3934 impedimentum
1789 3870 1944 3929 unquam

443 3955 646 4021 exhibeatur.
684 3955 971 4033 Quemadmodum
1003 3963 1114 4021 autem
1147 3956 1381 4020 universorum
1409 3954 1572 4020 bonorum
1605 3952 1741 4019 nomine
1763 3955 1850 4018 nihil
1888 3955 1943 4019 ille

444 4062 541 4128 nobis
566 4063 696 4128 solvere
719 4071 777 4128 aut
801 4063 842 4127 ad
867 4062 1042 4128 thesauros
1065 4071 1200 4128 nostros
1224 4062 1337 4148 Regni
1360 4072 1394 4128 et
1416 4063 1534 4148 Magni
1566 4063 1715 4127 Ducatus
1735 4061 1942 4127 Lithuaniac

444 4170 569 4234 inferre
593 4169 700 4252 debet,
728 4169 776 4235 ita
798 4170 940 4237 istorum
973 4191 1105 4256 quoque
1137 4193 1227 4235 nunc
1260 4170 1494 4235 adiuncturum
1525 4169 1661 4235 nomine
1692 4167 1778 4232 nihil
1813 4168 1942 4252 itidem,

445 4277 553 4362 quoad
579 4275 708 4360 vixerit,
742 4279 850 4343 solvet
874 4285 931 4343 aut
963 4277 1160 4343 numerabit.
1194 4277 1427 4342 Promittimus
1451 4285 1562 4342 autem
1586 4297 1647 4363 pro
1671 4275 1766 4340 nobis
1792 4283 1828 4340 et
1852 4298 1940 4341 sere·

443 4384 593 4449 nissimis
617 4385 863 4451 successoribus
888 4385 1021 4469 nostris,
1045 4385 1206 4471 quamdiu
1229 4385 1284 4450 ille
1308 4384 1343 4450 in
1367 4385 1521 4450 humanis
1545 4383 1701 4466 extiterit,
1721 4404 1799 4448 aum
1819 4407 1882 4451 nos
1908 4392 1940 4448 et

443 4514 652 4558 successores
686 4502 819 4558 nostros
842 4493 878 4558 in
902 4492 1117 4559 concessione
1140 4493 1207 4557 ista
1230 4514 1250 4557 a
1272 4492 1369 4558 nobis
1392 4492 1484 4557 facta
1507 4492 1638 4576 integre
1671 4499 1939 4573 conservaturos

443 4621 550 4685 neque
581 4599 630 4663 illi
662 4600 731 4664 ulla
753 4623 797 4685 re,
824 4601 874 4666 vel
906 4623 993 4666 nova
1025 4600 1137 4685 aliqua
1169 4599 1392 4681 concessione,
1416 4599 1599 4685 quidquam
1623 4598 1855 4681 derogaturos,
1879 4608 1937 4663 aut

443 4706 649 4772 abonorum
682 4706 824 4772 istorum
857 4706 1067 4793 possessione
1091 4728 1168 4771 curn
1191 4705 1392 4791 gravissima
1419 4706 1497 4770 licet
1521 4705 1637 4791 quatis
1661 4712 1778 4770 nostra
1802 4717 1837 4771 et
1861 4706 1938 4770 Rei-

443 4812 595 4899 publicae
618 4814 818 4879 necessitate
841 4814 877 4878 id
900 4821 1100 4900 exposcente
1125 4821 1303 4897 amoturos,
1327 4813 1518 4878 amoverive
1550 4819 1752 4899 potestatem
1781 4812 1939 4898 cuiquam

442 4918 590 4987 facturos
634 4922 685 4986 vel
726 4920 948 5007 permissuros
990 4942 1069 4985 esse.
1102 4920 1143 4984 ln
1181 4919 1274 4985 cuius
1308 4919 1356 4985 rei
1397 4919 1503 4984 fidem
1545 4919 1644 4983 hasce
1676 4940 1779 4983 manu
1821 4927 1938 4984 nostra

552 5068 577 5123 ⁸)
602 5064 722 5130 Uwaga:
741 5065 830 5116 krerki
846 5080 870 5115 w
889 5065 1025 5132 rfkopiric.
