4775 6225
519 789 577 854 uo

523 951 577 1030 t&
599 946 671 1025 mi
693 940 810 1020 tutta
834 932 975 1010 asarela
1000 928 1331 1021 crispinianum
1356 930 1599 1021 intersiinus
1623 933 1664 1002 s.
1687 930 2021 1020 zotnysmrnn

1525 1039 1743 1123 Proszowiee,
1767 1042 1812 1106 24
1837 1040 1895 1105 IX
1924 1043 2021 1109 1585.

628 1233 655 1288 el
673 1225 753 1286 dua.
768 1222 886 1296 passum
906 1236 931 1272 w
948 1218 1102 1280 Krakoroie,
1121 1216 1181 1272 Rcl.
1199 1222 1284 1270 castr.
1305 1216 1387 1273 Crac.
1407 1231 1442 1270 11
1468 1234 1490 1270 s,
1510 1219 1649 1284 1478-9.
1684 1218 1713 1287 2)
1740 1216 1817 1270 Bibl.
1841 1216 1915 1271 Ord.
1941 1218 2018 1272 Zaa

518 1333 535 1386 e.
559 1323 592 1386 a,
606 1321 645 1396 pt
663 1323 731 1386 pos.
755 1328 792 1368 ur
811 1323 860 1376 30.
879 1308 969 1380 Kapsa
988 1305 1483 1376 wspauz.snytn4darq231)i
1505 1308 1589 1371 1585.
1618 1308 1651 1375 3)
1677 1302 1883 1376 Lusamyriski
1909 1305 1947 1361 T.
1971 1306 2018 1369 11..

517 1409 695 1476 Massurius
714 1403 953 1462 documentorum
977 1396 1098 1467 stirpem
1123 1395 1263 1449 comitum
1283 1413 1301 1449 a
1319 1393 1469 1451 Zamosd..
1488 1395 1518 1449 iu
1537 1394 1655 1449 archivo
1673 1396 1861 1465 antiquorum
1881 1402 2016 1451 aetem

517 1499 746 1564 trassulsurium
770 1492 844 1549 1⁸78.
865 1488 932 1558 Rkp.
952 1486 1027 1539 Bibl.
1047 1485 1123 1539 Zau.

623 1671 814 1762 stephanus
837 1664 900 1731 Dei
920 1662 1030 1749 gratia
1049 1661 1123 1726 Rex
1141 1662 1302 1727 Poloniae
1319 1673 1372 1728 etc.
1396 1661 1639 1748 Signifieamus
1661 1662 1900 1749 praesentibus
1925 1664 2015 1730 litte

517 1789 563 1862 uls
587 1778 710 1856 tiiistris
729 1771 893 1844 universis
912 1779 947 1835 et
965 1768 1118 1855 singulis,
1137 1791 1279 1855 quorum
1294 1769 1441 1852 interest,
1457 1769 1547 1855 quod
1570 1791 1767 1856 comparens
1786 1771 2016 1857 personaliter

516 1913 628 1968 ratium
662 1883 757 1956 uobis
790 1878 940 1964 uotisque
972 1875 1189 1942 cancellariae
1220 1885 1355 1942 nostrae
1386 1876 1527 1942 illustris
1559 1887 1593 1942 et
1624 1876 1829 1963 magnificus
1857 1878 2015 1944 Joanues

516 2025 537 2074 a
559 1988 751 2071 fortiuscule
770 1982 883 2072 Regni
901 1982 1009 2050 nostri
1023 1982 1241 2048 cancellarius
1255 1990 1290 2048 et
1303 1983 1508 2049 exercituum
1527 1983 1694 2070 generalis
1707 1982 2015 2071 Craooiiensisque

515 2117 576 2180 etri,
601 2099 793 2191 rrapitnueus
817 2090 1002 2158 recedendo
1016 2112 1037 2155 a
1050 2090 1159 2175 terris,
1182 2090 1401 2176 districtibus,
1423 2090 1552 2157 iuribus
1570 2100 1604 2156 et
1622 2090 1915 2158 iurisdictionibus
1940 2094 2012 2158 suis

516 2205 687 2308 quiluuris
711 2200 785 2270 aliis
808 2210 861 2265 etc.
884 2197 1089 2283 recognovit

622 2312 706 2397 Quia
729 2309 801 2396 ipse
823 2304 1093 2371 animadvertens
1116 2326 1178 2392 pro
1202 2326 1378 2371 munerum
1396 2327 1532 2371 suorum
1551 2306 1681 2372 ratione
1707 2304 1822 2393 reique
1854 2306 2013 2393 publicae

515 2448 614 2500 misas
637 2414 778 2488 diversis
800 2414 836 2479 in
859 2413 942 2478 locis
975 2434 1075 2502 saepe
1098 2434 1134 2478 se
1157 2412 1274 2478 abesse
1306 2422 1469 2501 oportere,
1492 2435 1614 2479 munus
1638 2436 1717 2479 vero
1740 2414 1775 2479 id
1798 2414 2013 2502 capitaneale

515 2527 735 2605 (imun‘iense
757 2542 834 2587 eum
853 2518 1030 2606 requirere,
1050 2519 1107 2606 qui
1125 2526 1264 2607 propter
1282 2520 1333 2585 ius
1361 2519 1529 2586 nobilitati
1556 2520 1735 2586 dicendum
1758 2520 1893 2586 assidue
1923 2544 2013 2608 pene

515 2631 709 2712 illusorium
733 2628 786 2711 sit,
809 2647 950 2712 eamque
981 2625 1025 2692 ob
1057 2647 1192 2692 causam
1224 2626 1405 2712 diligenter
1436 2626 1533 2693 nobis
1557 2627 1788 2714 supplicasset,
1818 2638 1858 2693 ut
1881 2628 2012 2715 capita·

515 2752 648 2818 uastum
667 2757 752 2820 eum,
767 2754 867 2821 quem
881 2731 952 2798 sola
965 2732 1037 2797 fere
1055 2733 1254 2799 auctoritate
1271 2750 1388 2800 nostra
1410 2733 1573 2799 adductus
1597 2734 1809 2820 suscepisset,
1832 2733 2012 2800 voluntate

514 2858 628 2924 tiortra
650 2864 740 2911 nuuc
771 2840 807 2906 in
839 2838 983 2905 affinem
1015 2860 1113 2905 suum
1136 2862 1338 2926 generosum
1368 2840 1545 2906 Nicolaum
1573 2839 1824 2907 Zebrzidowslri
1857 2841 2010 2907 Bolesla·

517 2957 661 3030 clamem
694 2946 906 3035 capitaneum
929 2945 1103 3032 resignare
1125 2968 1165 3012 ac
1187 2946 1306 3012 cedere
1328 2954 1452 3034 posset,
1475 2947 1576 3034 inque
1599 2969 1673 3013 eam
1704 2969 1776 3013 rem
1805 2968 2010 3014 consensum

514 3070 673 3141 riostrum,
697 3076 796 3142 quem
816 3075 892 3119 cum
916 3052 1135 3141 petitionibus
1158 3053 1238 3139 eius,
1262 3061 1334 3121 tum
1357 3061 1427 3120 tam
1451 3054 1636 3141 insignium
1667 3060 1739 3122 eius
1762 3076 1845 3142 erga
1872 3076 1937 3121 nos
1971 3077 2011 3123 ac

514 3163 752 3257 rempublicam
776 3159 869 3227 domi
900 3160 1045 3246 bellique
1076 3161 1273 3227 meritorum
1296 3160 1338 3227 ab
1361 3183 1401 3226 eo
1424 3162 1662 3249 praestitomm
1694 3160 1844 3247 benigna
1875 3163 2011 3229 ratione

515 3273 636 3356 habita,
664 3266 902 3356 praestandum
943 3290 1012 3333 non
1044 3267 1280 3352 dubitavimus,
1308 3267 1529 3355 impetrasset,
1562 3268 1767 3335 inhaerendo
1804 3269 2010 3356 specialibus

514 3380 633 3454 littoris
657 3397 840 3441 consensus
867 3374 975 3440 nostri
997 3375 1110 3461 Regni
1139 3397 1241 3463 super
1258 3375 1475 3463 infrascripta
1502 3399 1562 3464 per
1580 3399 1641 3442 nos
1661 3377 1837 3458 concessis,
1853 3377 1895 3442 de
1915 3377 2010 3442 omni

514 3494 592 3572 iuro,
617 3482 809 3573 possesione
832 3504 871 3546 ae
895 3481 1123 3548 iurisdictione
1146 3507 1206 3548 sua
1229 3484 1459 3570 capitaneatus
1483 3484 1648 3569 generalis
1673 3483 1918 3566 Cracoiiensis,
1943 3508 2010 3571 qua

515 3599 684 3676 bucusque
708 3587 922 3673 fungebatur,
946 3612 1021 3654 cum
1055 3590 1147 3655 omni
1180 3591 1285 3677 ipsius
1318 3591 1562 3678 praerogativa,
1585 3590 1759 3656 functione
1783 3614 1821 3656 ao
1839 3591 2009 3657 universis

514 3713 547 3773 ot
570 3697 713 3784 singulis
737 3696 886 3761 eiusdem
910 3696 1085 3781 fructibus,
1109 3699 1336 3786 proventibus,
1360 3700 1530 3784 reditibus,
1555 3699 1807 3784 attinentiisque
1844 3708 1879 3763 et
1902 3701 2009 3786 perti·

515 3807 647 3888 nuntiis,
662 3804 763 3869 nullis
779 3805 936 3891 exceptis,
950 3828 1012 3870 neo
1031 3827 1092 3892 pro
1107 3829 1143 3871 se
1162 3806 1349 3891 reservatis,
1369 3807 1477 3872 eidem
1496 3829 1573 3892 g·so
1595 3808 1627 3871 N
1630 3807 1735 3873 icolao
1753 3806 2009 3872 Zebrzidowski

515 3913 617 3985 cessit
649 3918 683 3975 et
706 3911 954 3995 condescendit,
977 3912 1276 3999 praesentibusque
1309 3913 1402 3978 dedit
1433 3922 1467 3978 et
1490 3914 1737 3995 condescendit,
1761 3935 1799 3978 ae
1826 3921 1938 3978 totum
1976 3923 2009 3979 et

513 4026 683 4107 integrum
707 4017 758 4083 ius
779 4041 875 4083 suum
899 4042 918 4084 a
941 4018 1038 4085 nobis
1063 4021 1207 4107 desuper
1230 4020 1381 4086 habitum
1404 4022 1439 4085 in
1463 4021 1574 4107 ipsum
1607 4021 1815 4085 transfundit
1837 4030 1872 4086 et
1895 4021 2007 4087 incor-

513 4137 618 4222 porat,
642 4135 742 4212 prout
765 4127 945 4190 transfusit
973 4135 1007 4191 et
1029 4126 1265 4214 incorporavit,
1285 4128 1368 4192 dans
1388 4136 1422 4192 et
1440 4128 1626 4193 concedens
1646 4129 1754 4193 eidem
1773 4151 1851 4213 g-so
1867 4128 2007 4194 Nicolao

513 4233 775 4319 Zebrzydowski
792 4233 891 4298 affini
907 4256 975 4317 suo,
991 4243 1059 4299 tam
1075 4235 1191 4321 vigore
1210 4235 1403 4322 specialium
1422 4236 1608 4300 litterarum
1627 4235 1851 4301 concessionis
1870 4245 2007 4302 nostrae

512 4345 620 4411 eidem
645 4364 665 4405 u
688 4339 783 4405 nobis
808 4341 970 4424 datarum,
995 4364 1095 4427 quam
1119 4341 1221 4406 etiam
1245 4343 1431 4429 praesentis
1460 4342 1622 4408 cessionis
1646 4365 1725 4408 suae
1748 4343 2007 4429 possessionem,

511 4448 759 4518 usumfructum
774 4448 917 4534 praefati
937 4449 1104 4533 generalis
1123 4448 1352 4535 capitaneatus
1373 4449 1612 4532 Cracoiiensis,
1631 4449 1697 4513 iam
1726 4472 1856 4514 exnunc
1885 4473 2006 4536 appre-

512 4554 727 4624 hendendum
750 4562 784 4617 et
807 4555 1048 4640 possidendum
1071 4556 1402 4642 iurisdictionemque
1425 4557 1665 4643 capitanealem
1689 4557 1919 4641 exercendam,
1944 4557 2007 4622 hac

512 4684 572 4728 sua
594 4660 824 4745 recognitione
848 4662 1024 4729 mediante.

620 4767 726 4845 Quam
741 4767 876 4853 quidem
891 4769 1156 4854 recognitionem
1175 4769 1281 4856 ipsius
1300 4792 1361 4835 nos
1381 4778 1488 4835 ratam
1507 4779 1541 4835 et
1560 4780 1692 4855 gratam
1712 4769 1884 4853 habentes,
1904 4780 2005 4857 prout

512 4882 610 4942 antea
634 4895 735 4960 super
757 4874 866 4960 ipsam
890 4898 1175 4959 consenseramus,
1198 4876 1245 4940 ita
1268 4884 1303 4941 et
1325 4876 1368 4941 ad
1392 4898 1550 4963 praesens
1583 4878 1724 4942 eandem
1753 4877 2006 4962 confirmamus,

512 4980 721 5046 ratificamus
751 4983 971 5068 roboremque
990 4982 1122 5048 debitae
1141 4983 1314 5048 firmitatis
1334 4983 1442 5048 cidem
1462 4984 1648 5050 tribuimus.
1673 4985 1713 5049 In
1728 4982 1821 5049 cuius
1841 4984 1891 5049 rei
1910 4984 2005 5049 testi·

512 5087 661 5153 monium
694 5097 887 5178 praesentes
911 5090 1040 5156 litteras
1064 5091 1176 5178 sigillo
1200 5091 1312 5179 Regni
1336 5092 1443 5157 nostri
1467 5092 1666 5157 communiri
1693 5091 1844 5158 fecimus.
1878 5093 2006 5160 Datum
