4775 6225
517 733 573 790 432

519 894 635 960 sertim
658 892 695 959 in
718 892 844 959 finibus
867 891 981 978 Regni
1004 913 1081 957 cum
1099 890 1248 957 exercitu
1266 890 1376 958 adhuc
1394 898 1559 975 versante,
1577 889 1689 956 variae
1708 910 1835 975 eaeque
1855 885 2029 973 gravissi-

518 1022 593 1067 mae
616 999 837 1066 difficultates
860 1020 923 1066 nos
946 997 1165 1086 excepissent,
1187 998 1224 1063 in
1247 997 1402 1065 omnibus
1425 998 1518 1065 hisce
1534 1006 1570 1063 et
1587 997 1765 1064 consilium
1788 998 1864 1061 eius
1886 993 2024 1082 experti

519 1128 644 1191 sumus,
666 1128 743 1173 cum
765 1113 970 1193 promptum,
993 1113 1067 1171 tum
1089 1104 1243 1190 salutare,
1261 1104 1349 1171 etin
1368 1103 1508 1172 consilio
1526 1104 1641 1188 fidem,
1660 1111 1694 1169 et
1711 1102 1749 1169 in
1770 1102 1868 1169 omni
1888 1101 2025 1168 actione

519 1213 680 1281 virtutem
702 1212 918 1300 singularem.
941 1212 1019 1280 Non
1041 1212 1142 1280 modo
1165 1212 1255 1278 enim
1277 1212 1315 1278 in
1336 1211 1387 1297 iis,
1410 1234 1496 1299 quae
1518 1211 1562 1277 ad
1584 1209 1837 1278 coronationem
1861 1216 2022 1276 nostram

519 1327 619 1407 atque
641 1320 739 1387 initia
760 1320 874 1407 Regni
906 1318 1140 1386 constituenda
1171 1319 1393 1407 pertinebant,
1425 1340 1557 1385 summa
1587 1318 1676 1383 illius
1709 1315 1894 1405 prudentia
1918 1324 2021 1403 atque

445 1445 450 1450 ·
520 1427 660 1495 consilio
682 1426 736 1493 usi
759 1448 883 1511 sumus,
907 1448 1024 1493 verum
1046 1434 1165 1514 postea
1186 1426 1289 1492 etiam
1312 1448 1389 1493 cum
1411 1435 1530 1493 contra
1551 1424 1683 1492 hostem
1706 1447 1748 1490 ex
1775 1424 1900 1491 ecdem
1922 1444 2019 1491 coro·

519 1533 666 1601 nationis
679 1540 815 1601 nostrae
833 1540 1002 1600 conventu
1020 1554 1097 1599 eum
1114 1531 1331 1618 misissemus,
1349 1532 1408 1598 vix
1426 1533 1556 1599 decimo
1578 1532 1632 1598 die
1652 1539 1832 1619 postquam
1846 1530 2019 1598 Cracovia

519 1640 747 1726 descessisset,
760 1641 804 1707 ad
818 1639 1046 1707 Bittsohinam
1060 1640 1096 1705 in
1114 1639 1241 1706 finibus
1259 1639 1399 1706 Silesiae
1421 1640 1569 1707 exercitu
1586 1638 1775 1705 archiducis
1793 1636 2020 1704 Maximiliani

519 1749 598 1815 ineo
621 1749 816 1836 fugatoque,
839 1749 952 1838 ipsum
973 1749 1010 1815 in
1033 1756 1234 1836 potestatem
1256 1756 1407 1815 nostram
1430 1770 1507 1814 cum
1529 1746 1718 1835 praecipuis
1741 1745 1904 1813 factionis
1926 1744 2020 1833 capi·

519 1855 608 1922 tibus
631 1856 767 1944 recepit,
790 1863 987 1942 tantamque
1008 1877 1080 1921 rem
1113 1854 1231 1922 maiori
1263 1855 1435 1921 celeritate
1462 1861 1563 1941 atque
1585 1854 1712 1920 virtute
1734 1852 1889 1941 perfecit,
1915 1874 2019 1939 quam

521 1962 699 2049 quiequam
726 1984 795 2030 non
814 1956 913 2029 modo
936 1984 1079 2050 sperare,
1102 1984 1220 2028 verum
1243 1975 1360 2050 optare
1381 1962 1484 2029 etiam
1506 1961 1679 2049 potuisset
1703 1960 1767 2027 Oui
1785 1982 1864 2026 cnm
1887 1959 2018 2026 nullam

520 2069 748 2155 omnino,sive
766 2070 872 2158 ipsius
882 2070 1182 2158 reimegnitudine,
1192 2069 1586 2137 siveconficiendaeeius
1596 2069 1775 2152 celeritate,
1798 2067 1872 2134 sive
1887 2076 2017 2155 tempo·

518 2176 566 2243 ris
589 2177 839 2265 opportunitate
861 2177 1082 2264 utilitatisque
1104 2177 1339 2264 magnitudine
1370 2176 1514 2244 similem
1537 2177 1574 2242 in
1595 2175 1737 2243 Polonia
1753 2174 1856 2265 [rem]
1879 2182 2017 2261 gestam

521 2304 596 2350 esse
618 2304 735 2350 omnes
757 2283 953 2367 faterentur,
977 2306 1119 2371 cumque
1141 2306 1209 2350 nna
1227 2284 1323 2371 quasi
1341 2306 1424 2351 voce
1446 2292 1651 2350 testarentur
1672 2304 1777 2348 uuum
1790 2280 1883 2347 huno
1902 2280 2020 2364 fuisse,

520 2388 557 2456 in
566 2410 633 2476 quo
647 2389 740 2456 hisce
754 2390 961 2478 temporibus
975 2390 1160 2457 maximum
1173 2390 1376 2480 reipublicae
1389 2390 1593 2478 praesidium
1611 2389 1724 2473 fuerit,
1742 2396 1776 2456 et
1793 2388 1857 2473 cni,
1871 2428 1917 2437 -
1941 2410 2020 2454 cum

520 2496 585 2563 alia
607 2497 720 2565 omnia
733 2518 849 2565 omnes
863 2500 991 2585 patriae
1005 2497 1158 2583 debeant,
1173 2538 1216 2547 —
1234 2498 1432 2570 nonmiuue
1447 2498 1514 2564 uni
1531 2497 1615 2564 haec
1638 2497 1783 2583 deberet,
1805 2495 2020 2584 proindeque

519 2604 631 2672 nullos
654 2604 794 2692 reperiri
816 2604 959 2671 honores
982 2626 1091 2692 posse,
1114 2604 1172 2691 qui
1194 2605 1326 2671 insum
1344 2604 1466 2689 collati,
1484 2604 1588 2671 tantis
1606 2604 1677 2671 eius
1709 2604 1747 2670 in
1772 2601 2020 2690 rempublicam

520 2710 649 2777 meritis
663 2711 915 2798 responderent,
928 2711 1044 2790 deberi
1058 2719 1170 2778 autem
1192 2711 1225 2778 ei
1247 2712 1435 2799 singulares
1453 2719 1488 2778 et
1506 2711 1699 2798 exquisitos,
1717 2732 1833 2777 omnes
1851 2730 2019 2796 agnosce·

521 2824 606 2903 rent,
633 2817 771 2884 tandem
794 2838 833 2883 eo
856 2817 1098 2893 descendimus,
1123 2840 1189 2905 quo
1221 2819 1357 2905 aliquod
1389 2827 1512 2903 tamen,
1535 2839 1613 2884 cum
1635 2817 1741 2906 ipsius
1763 2816 1911 2899 virtutis,
1944 2822 2019 2881 tum

520 2922 697 2990 universae
728 2923 930 3011 reipublicae
956 2924 993 2990 in
1024 2925 1119 2992 illum
1146 2926 1236 3012 grati
1277 2925 1381 2992 animi
1421 2933 1675 2992 monumentum
1707 2924 1749 2990 ad
1782 2922 2020 3011 posteritatem

521 3029 621 3097 etiam
655 3038 791 3117 extaret,
813 3038 852 3097 ut
879 3032 967 3098 bona
999 3032 1286 3121 praefecturarum
1308 3032 1585 3100 Krreszoviensis
1608 3040 1643 3099 et
1665 3029 1906 3098 Zamechensis
1938 3029 2016 3095 uni·

521 3161 620 3206 versa
632 3141 665 3228 ¹),
688 3162 774 3227 quae
797 3140 839 3207 ab
862 3141 979 3208 eodem
1002 3140 1229 3209 illustrissimo
1256 3148 1291 3207 et
1313 3140 1498 3227 magnifico
1520 3142 1654 3208 Joanne
1676 3140 1718 3206 de
1741 3138 1917 3206 Zamoscie
1944 3137 2019 3204 iure

521 3245 708 3313 advitalitio
732 3247 798 3313 iam
822 3256 900 3314 ante
922 3248 1183 3335 possiderentur,
1206 3247 1272 3336 ipsi
1295 3248 1506 3337 posterisque
1528 3248 1599 3313 eius
1623 3246 1797 3332 utriusque
1815 3267 1925 3326 sexus,
1945 3244 2019 3311 iure

522 3361 683 3441 perpetuo
706 3361 806 3440 atque
830 3354 1051 3420 haereditario
1074 3355 1311 3421 conferremus.
1336 3354 1433 3434 Quod
1456 3376 1532 3420 oum
1556 3363 1590 3420 et
1612 3361 1748 3420 senatus
1771 3352 1961 3436 universus,
1985 3359 2019 3417 et

521 3459 631 3526 nuntii
654 3470 818 3526 terrerum
843 3471 877 3526 et
899 3460 1143 3548 palatinatuum
1169 3462 1317 3528 omnium
1342 3461 1526 3527 nobilitatis
1545 3483 1613 3528 non
1632 3461 1731 3528 modo
1750 3459 1938 3547 probarent,
1959 3459 2018 3523 sed

521 3567 675 3633 certatim
694 3568 795 3632 etiam
815 3590 834 3632 a
853 3567 948 3633 nobis
968 3569 1217 3651 contenderent,
1236 3591 1279 3634 ne
1298 3569 1332 3633 in
1352 3590 1437 3652 eum,
1455 3569 1491 3633 in
1511 3591 1610 3654 quem
1628 3568 1677 3632 illi
1696 3590 1757 3653 pro
1781 3566 1877 3631 nobis
1897 3574 2017 3651 gratos

522 3695 558 3739 se
580 3681 752 3760 praestare
776 3674 958 3757 studerent,
981 3696 1043 3739 nos
1066 3673 1132 3760 ipsi
1164 3696 1284 3760 parum
1316 3675 1404 3760 grati
1429 3675 1579 3740 extitisse
1611 3675 1811 3740 videremur.
1843 3671 1914 3737 Nos
1940 3694 2018 3737 cum

521 3779 627 3867 ipsius
651 3781 790 3864 meritis,
804 3789 876 3846 tum
900 3781 1050 3847 omnium
1073 3782 1229 3847 ordinum
1253 3782 1294 3847 de
1317 3783 1441 3847 virtute
1465 3782 1535 3847 eius
1559 3782 1669 3867 elogio
1692 3789 1791 3866 atque
1814 3778 2017 3845 auctoritate

522 3886 667 3968 adducti,
692 3895 968 3953 commemoratas
1001 3889 1229 3974 praefecturas
1253 3888 1554 3954 Krzeszoviensem
1586 3897 1621 3952 et
1643 3887 1906 3952 Zameeheusem
1939 3907 2018 3951 cum

522 3993 676 4060 omnibus
700 3994 828 4077 castris,
852 3994 994 4081 oppidis,
1018 3994 1127 4078 curiis,
1151 3995 1250 4079 villis,
1273 3995 1427 4081 praediis,
1451 3994 1642 4078 advocatiis
1668 3993 1840 4076 scultetiis,
1864 3992 2016 4080 adscrip-

522 4100 620 4183 tioiis,
634 4099 784 4184 teloneis,
799 4101 925 4166 colonis
945 4102 1166 4187 omnibusque
1185 4101 1337 4185 subditis,
1351 4102 1479 4167 iuribus
1498 4111 1678 4188 praeterea,
1693 4107 1891 4187 patronatus
1911 4100 2014 4165 eccle·

522 4205 655 4290 sianum,
680 4206 838 4291 tabernis,
861 4207 1069 4291 molendinis,
1093 4208 1240 4292 mineris,
1264 4209 1413 4273 ferrariis
1448 4209 1674 4294 cuiuscunque
1702 4205 1835 4292 generis
1858 4206 2014 4288 metallis,

522 4312 671 4400 piscinis,
690 4313 897 4398 fluminibus,
916 4314 1041 4399 rivulis,
1061 4315 1201 4402 stagnis,
1220 4315 1365 4398 lacubus,
1385 4316 1571 4402 piscaturis,
1590 4313 1833 4395 venationibus,
1852 4312 2013 4400 aucupiis,

522 4432 594 4486 tum
614 4421 769 4488 omnibus
788 4422 889 4507 agris,
909 4422 1003 4487 silvis
1023 4432 1056 4487 et
1075 4422 1277 4507 nemoribus,
1296 4445 1445 4508 quaeque
1464 4422 1499 4487 in
1518 4422 1583 4487 illis
1603 4422 1826 4503 continentur,
1849 4420 2014 4501 censibus,

522 4526 732 4612 stationibus,
746 4528 907 4595 reditibus
931 4528 1223 4615 pensionibusque,
1238 4529 1410 4614 quibusvis
1426 4530 1646 4615 undecunque
1661 4529 1704 4593 ad
1718 4550 1756 4593 ea
1770 4529 1858 4593 bona
1873 4534 2014 4613 utraque

523 4641 580 4698 aut
603 4634 765 4699 alterutra
788 4636 870 4718 dari,
894 4636 1000 4703 solitis
1024 4636 1221 4722 cunctisque
1243 4635 1280 4700 in
1302 4636 1496 4701 universum
1519 4636 1720 4701 utilitatibus
1748 4643 1781 4701 et
1805 4634 2013 4702 obventioni-

521 4741 593 4823 bus,
618 4762 702 4825 quae
726 4741 780 4807 vel
803 4763 892 4806 nunc
911 4742 947 4806 in
964 4742 1084 4808 iisdem
1102 4742 1200 4809 bonis
1224 4751 1311 4826 sunt,
1330 4743 1384 4807 vel
1408 4743 1443 4807 in
1461 4751 1633 4828 posterum
1657 4742 1853 4827 cuiusquam
1877 4742 2014 4828 ingenio

522 4855 622 4933 atque
650 4849 814 4914 industria
846 4849 978 4914 institui
1001 4850 1037 4914 in
1060 4850 1126 4916 illis
1150 4858 1317 4936 poterunt,
1341 4872 1417 4915 cum
1441 4851 1536 4916 totali
1568 4849 1816 4936 praedictorum
1849 4849 2012 4915 bonorum

522 4955 602 5040 iure,
626 4955 833 5021 haereditate
856 4956 1076 5041 omnibusque
1100 4958 1142 5022 ad
1166 4979 1240 5022 earn
1263 4957 1508 5043 pertinentibus
1533 4967 1566 5022 et
1595 4957 1714 5043 quovis
1738 4956 1838 5021 modo
1862 4964 2014 5042 spectan-

523 5062 612 5128 tibus
636 5084 675 5127 ac
697 5062 981 5150 provenientibus,
1013 5063 1098 5128 nihil
1129 5063 1222 5151 prius
1247 5064 1386 5128 dominii
1414 5072 1472 5130 aut
1495 5063 1720 5151 proprietatis,
1752 5071 1790 5127 ut
1818 5062 2014 5148 quorumvis
