4775 6225
501 784 556 842 406

500 942 544 1011 in'
559 945 713 1012 domibus
736 967 860 1031 eornm,
892 967 1000 1032 neque
1022 951 1117 1011 extra
1138 966 1204 1029 eas,
1236 942 1339 1011 ullam
1362 940 1403 1008 iis
1427 965 1447 1009 a
1470 964 1639 1031 quoquam
1664 941 1734 1010 vim
1767 940 2006 1030 iniuriamque

501 1053 579 1120 fieri
601 1053 718 1141 patiar.
742 1054 874 1120 Deinde
896 1075 977 1120 vero
1001 1060 1134 1141 praeter
1157 1074 1252 1119 areas
1275 1073 1340 1137 eas,
1365 1074 1447 1139 quas
1475 1051 1542 1118 iam
1565 1074 1586 1118 a
1608 1073 1662 1117 me
1694 1051 1937 1139 impetrarunt,
1969 1050 2006 1116 iu

501 1160 576 1227 foro
599 1159 719 1227 maiori
733 1167 759 1243 ο)
781 1161 872 1245 sitas,
895 1160 1098 1248 peculiarem
1121 1160 1223 1226 etiem
1245 1159 1359 1226 vicum
1382 1180 1441 1225 seu
1464 1158 1619 1246 plateam,
1642 1158 1678 1223 in
1700 1180 1805 1245 eaque
1829 1180 1942 1243 ereas,
1970 1158 2005 1223 in

502 1267 623 1354 quibus
646 1268 803 1334 aedificia
825 1290 886 1356 pro
909 1289 970 1335 suo
994 1268 1171 1335 commodo
1195 1266 1399 1333 constituere
1421 1266 1486 1333 sibi
1508 1265 1649 1354 possint,
1672 1266 1791 1333 eodem
1814 1266 1901 1351 inre,
1938 1288 2003 1353 quo

503 1376 642 1440 caeteris
662 1374 791 1441 civibus
810 1375 953 1441 antehac
967 1374 1113 1441 tributae
1131 1381 1219 1458 sunt,
1233 1374 1395 1462 praefatis
1410 1395 1542 1461 quoque
1555 1372 1713 1440 Armenis
1728 1372 2004 1458 distributurum,

503 1503 543 1547 ao
564 1482 675 1569 primo
703 1505 836 1569 quoque
866 1490 1018 1571 tempore
1048 1482 1252 1548 traditurum
1283 1504 1338 1548 me
1360 1480 1530 1570 promitto.
1563 1480 1710 1562 Quorum
1743 1481 1897 1548 omnium
1933 1491 2003 1549 tem

503 1589 705 1674 libertatum,
728 1612 828 1676 quam
851 1612 1004 1656 arearum
1022 1599 1056 1656 et
1074 1611 1235 1677 agrorum
1258 1589 1403 1675 nomine,
1420 1589 1514 1655 nulla
1531 1589 1659 1656 maiora
1681 1589 1814 1673 oneras)
1839 1596 1900 1655 aut
1920 1611 2005 1677 pen·

504 1696 615 1763 siones
638 1696 859 1785 sustinebunt,
892 1719 993 1784 quum
1019 1718 1040 1762 a
1062 1698 1203 1764 caeteris
1226 1696 1356 1763 civibus
1379 1696 1597 1783 sustinentur,
1628 1705 1667 1763 ut
1688 1696 1851 1762 nimirum
1873 1696 2005 1783 viginti

505 1804 603 1871 annis
622 1805 784 1893 proximis
808 1806 946 1872 omnino
964 1806 1130 1872 immunes
1153 1805 1231 1890 sint,
1246 1805 1287 1871 iis
1305 1826 1387 1872 vero
1406 1805 1540 1891 exactis,
1558 1814 1631 1872 tum
1650 1805 1784 1872 demum
1798 1806 1835 1870 in
1849 1805 2007 1892 singulas

504 1912 613 1993 aedes,
636 1921 856 2000 quartamque
879 1913 988 1980 mansi
1007 1913 1090 2000 agri,
1109 1913 1167 2000 qui
1190 1912 1329 1979 aedibus
1352 1913 1517 1979 atributus
1540 1912 1653 1997 fuerit,
1675 1912 1827 1999 singulos
1851 1912 2007 1979 florenos

504 2041 636 2085 snnuos
650 2019 743 2102 mihi,
757 2020 1070 2106 successoribusque
1084 2025 1111 2104 Β)
1133 2020 1217 2086 meis
1231 2019 1390 2108 pendant,
1404 2042 1424 2086 a
1437 2019 1659 2107 vectigalibus
1678 2020 1778 2086 etiam
1802 2020 1907 2085 certis
1923 2019 2007 2108 pub

507 2126 591 2212 licis,
606 2127 793 2214 quibusque
808 2128 835 2212 ¹¹)
857 2128 977 2214 reliqui
1000 2127 1091 2194 cives
1114 2128 1257 2214 aBegis
1271 2127 1360 2194 lli-te
1381 2128 1482 2195 soluti
1502 2135 1590 2212 sunt,
1603 2127 1670 2216 ipsi
1684 2149 1815 2215 quoque
1833 2127 2009 2194 immunes

504 2242 611 2302 erunt
635 2235 720 2303 Cum
742 2259 823 2304 vero
845 2236 949 2303 iidem
967 2236 1110 2303 liberum
1128 2259 1260 2323 quoque
1278 2236 1453 2324 religionis
1471 2259 1551 2303 suae
1569 2244 1671 2323 utque
1698 2235 1782 2302 ritus
1801 2237 2010 2303 exercitium

505 2365 526 2409 a
548 2365 602 2409 me
625 2343 792 2431 petierint,
816 2344 879 2410 etsi
898 2344 966 2410 iam
984 2352 1083 2411 antea
1105 2344 1285 2432 privilegio
1308 2346 1392 2430 eo'),
1411 2345 1500 2430 quod
1518 2344 1672 2432 pristinis
1696 2344 1825 2410 civibus
1850 2344 2010 2411 civitatis

506 2449 750 2517 Zemoscicnsis
775 2451 941 2536 dederam,
964 2474 1007 2516 ne
1030 2460 1164 2538 praeter
1185 2450 1384 2538 religionem
1416 2451 1616 2517 catholicam
1639 2451 1707 2517 ulla
1728 2450 1764 2516 in
1787 2472 1826 2517 ea
1850 2452 2012 2537 colletur,

506 2556 590 2623 mihi
613 2580 777 2643 caveram,
808 2572 885 2624 cum
908 2567 1022 2624 tamen
1053 2558 1251 2645 intelligam,
1280 2580 1391 2645 neque
1423 2558 1622 2645 religionem
1654 2557 1762 2646 ipsam
1795 2558 2011 2626 armenicam

506 2664 590 2729 adeo
613 2664 755 2730 multum
779 2686 799 2730 s
822 2664 986 2731 catholica
1008 2665 1171 2750 recedere,
1195 2671 1229 2731 et
1251 2665 1389 2730 minime
1423 2664 1639 2731 metuendum
1671 2686 1753 2749 esse,
1785 2672 1824 2730 ut
1847 2663 2010 2753 ipsorum

506 2769 670 2856 religione
692 2793 713 2837 a
735 2770 900 2838 catholico
922 2771 979 2837 alii
1002 2772 1219 2857 abducantur,
1238 2794 1281 2837 ne
1299 2771 1362 2838 hac
1377 2793 1509 2858 quoque
1531 2794 1567 2838 re
1586 2770 1741 2838 instituto
1764 2771 1844 2837 huic
1867 2772 2010 2839 illorum

506 2876 738 2964 impedimenti
761 2877 888 2964 aliquid
897 2878 918 2961 ¹)
944 2878 1117 2963 efferatur,
1139 2878 1176 2945 in
1199 2879 1316 2945 eedem
1339 2879 1458 2966 platea,
1481 2901 1567 2965 quse
1589 2879 1633 2944 ad
1656 2877 1899 2945 habitationem
1930 2879 2011 2947 illo·

507 3006 584 3050 rum
616 2986 713 3051 ame
744 2985 980 3072 assignabitur,
1011 2987 1175 3074 templum
1208 3008 1340 3073 quoquo
1371 2986 1407 3052 in
1440 3008 1506 3072 quo
1538 2985 1641 3052 libere
1673 2985 1873 3073 religionem
1906 3008 2012 3053 susm

508 3114 662 3159 exercere
679 3093 828 3181 possint,
840 3116 940 3180 quam
953 3093 1101 3182 primum
1120 3094 1339 3161 convenerint
1351 3094 1372 3178 Ι)
1394 3094 1626 3160 instituturum
1640 3116 1694 3160 me
1711 3093 1872 3184 polliceor
1882 3094 1917 3178 ³)
1944 3094 2012 3162 Oui

508 3223 584 3268 oum
603 3200 774 3288 praefatus
793 3202 948 3268 sacerdos
961 3201 1161 3268 venerabilis
1177 3201 1439 3289 christophorus
1453 3201 1576 3267 Kelust
1589 3201 1618 3284 ¹¹)
1634 3201 1850 3290 praefuturus
1860 3202 1916 3286 sit,
1927 3201 2013 3268 huie

507 3307 552 3373 ad
570 3307 848 3374 sustentationem
871 3307 978 3395 ipsius
1001 3309 1177 3394 sexaginta
1194 3308 1317 3374 floreni
1341 3308 1500 3395 stipendii
1520 3308 1631 3393 annui,
1650 3308 1809 3375 ecclesiae
1826 3329 1910 3374 vero
1932 3309 2012 3396 agri

507 3413 609 3480 etiam
633 3436 671 3479 ec
695 3413 783 3500 prati
806 3414 926 3500 aliquis
949 3415 1078 3499 modus,
1101 3414 1361 3501 aedificiumqno
1380 3423 1414 3479 et
1432 3414 1559 3498 hortus,
1578 3437 1598 3481 a
1615 3438 1670 3480 me
1689 3414 1927 3500 attribuentur,
1949 3417 2011 3502 qui

509 3520 666 3608 deinceps
690 3522 791 3585 etiem
823 3521 1029 3609 temporibus
1062 3522 1234 3608 perpetuis
1266 3544 1369 3608 penes
1402 3523 1575 3588 ecclesiam
1609 3529 1715 3605 erunt,
1738 3522 1780 3588 ab
1803 3522 1912 3609 iisque
1950 3524 2011 3609 qui

509 3627 667 3693 ecclesiae
703 3629 890 3693 armenicae
921 3628 1108 3715 praefuturi
1145 3635 1232 3712 sunt,
1265 3628 1533 3715 possidebuntur.
1570 3630 1611 3694 In
1648 3651 1790 3716 quorum
1821 3628 1933 3695 fidem
1969 3653 2009 3697 ac

509 3733 696 3800 evidentius
717 3734 945 3801 testimonium
960 3735 1059 3801 hasce
1073 3758 1175 3800 manu
1194 3758 1268 3800 mea
1283 3736 1474 3824 subscripsi,
1494 3736 1657 3822 signoque
1677 3758 1750 3801 meo
1770 3736 1979 3822 consignare
1991 3741 2011 3820 ¹)

509 3840 599 3906 iussi.
632 3842 757 3906 Datum
776 3842 898 3906 Belzae
917 3843 971 3907 die
989 3842 1107 3908 ultimo
1126 3843 1251 3908 mensis
1269 3843 1397 3929 Aprilis
1425 3866 1513 3910 anno
1541 3843 1678 3909 Domini
1701 3843 1968 3910 MDLXXXV⁰
1989 3847 2010 3932 ⁸)

508 3948 659 4014 Joaunes
683 3948 877 4034 Zamoyski.

618 4199 637 4263 ¹)
662 4196 801 4264 Wydawcy
820 4201 967 4250 rozmaicie
984 4200 1070 4268 dotqd
1087 4199 1189 4266 czytali
1207 4204 1234 4251 to
1252 4202 1399 4262 narwisko,
1414 4205 1432 4252 t.
1441 4201 1466 4270 j.
1482 4199 1684 4254 Sectam'ewr‘cz
1699 4204 1711 4253 i
1727 4200 1872 4254 Baliriski:
1892 4202 2010 4264 Kalast,

512 4283 680 4338 Morawski:
699 4286 815 4338 Kaluss.

618 4379 638 4438 ²)
658 4375 806 4447 Przywilej
823 4377 961 4448 lokacyjny
980 4394 995 4429 z
1014 4390 1050 4441 23
1065 4377 1114 4432 IV
1127 4380 1211 4443 1580,
1232 4378 1318 4431 Arch.
1338 4380 1367 4434 J.
1388 4379 1467 4432 Zam.
1488 4381 1519 4433 ll
1538 4398 1573 4432 nr
1591 4383 1617 4445 6,
1636 4398 1658 4434 s.
1677 4381 1738 4434 393.

617 4468 638 4532 ³)
658 4466 773 4518 Istolnie
791 4466 920 4519 koicidlek
939 4469 1006 4529 talei,
1025 4484 1040 4519 z
1059 4469 1214 4536 cudownym
1233 4468 1357 4521 obrazcm
1377 4471 1424 4520 s'w.
1444 4470 1594 4539 Kajetana,
1615 4470 1758 4538 Zanroyrki
1775 4470 1957 4535 wybuaouat.

631 4952 655 5015 ο)
674 4963 705 4999 w.
722 4961 750 5001 1.·
765 4947 873 4999 maiore
890 4978 920 4986 -
933 4950 951 5015 l)
966 4964 990 4999 w
1005 4963 1034 5001 1:
1054 4965 1142 5016 opera
1157 4981 1189 4987 -
1206 4952 1231 5014 a)
1250 4967 1275 5001 w
1289 4964 1319 5005 1.·
1338 4950 1551 5004 successoribus
1563 4983 1595 4990 —
1611 4952 1636 5018 h)
1655 4967 1680 5002 w
1694 4965 1724 5003 1:
1738 4949 1842 5020 quibus
1858 4982 1892 4990 —
1905 4952 1923 5020 l)
1939 4970 1966 5005 w
1980 4967 2012 5009 2:

512 5041 599 5106 atque
621 5036 726 5106 aliquid
753 5069 785 5075 —
812 5038 829 5105 i)
848 5054 873 5088 w
893 5052 922 5091 1:
941 5038 1010 5091 brak
1029 5056 1113 5107 quam
1134 5071 1166 5078 —
1182 5039 1208 5108 k)
1227 5057 1252 5092 w
1272 5053 1302 5094 2:
1323 5040 1429 5093 Kalust
1454 5073 1484 5080 -
1512 5043 1529 5107 ¹)
1548 5058 1572 5093 w
1590 5054 1622 5094 2:
1644 5040 1807 5111 consignari
1835 5071 1868 5078 -
1889 5042 1908 5104 l)
1935 5058 1963 5094 w
1983 5058 2013 5096 1:

512 5124 693 5179 MDXXXV.
