4775 6225
512 748 566 804 384

512 907 652 973 ulterius
675 906 759 994 ipsis
783 904 943 994 progredi
974 905 1098 989 liceret,
1121 925 1158 970 re
1180 903 1317 988 iniecta,
1339 902 1478 969 domum
1500 903 1544 968 ad
1566 924 1629 969 nos
1651 902 1779 970 reversi
1805 925 2013 992 responsum

511 1013 546 1081 S.
569 1015 610 1080 R
633 1014 729 1080 lli-tis
753 1035 867 1080 secum
889 1012 1090 1096 adferentes,
1122 1011 1212 1098 qnod
1240 1010 1391 1077 omnium
1422 1009 1549 1077 civium
1580 1009 1711 1077 animos
1738 1010 1838 1078 011100
1868 1010 2011 1097 invasit,

512 1143 613 1209 quam
634 1128 674 1186 ut
695 1120 803 1187 dolori
825 1119 981 1186 resistere
1003 1118 1143 1206 possint
1166 1118 1255 1184 Nam
1277 1125 1312 1184 et
1333 1117 1479 1205 plurima
1502 1126 1613 1183 errata
1634 1125 1670 1183 et
1691 1139 1848 1185 01000000
1871 1118 2008 1186 civitati

512 1227 547 1295 S.
569 1228 611 1294 R
629 1228 733 1294 M-tas
757 1226 921 1314 exprobat
942 1235 977 1291 et
999 1247 1069 1292 non
1092 1224 1234 1293 obscure
1256 1225 1413 1309 ostendit,
1437 1247 1539 1311 quam
1560 1224 1798 1312 indignissime
1829 1247 1907 1292 eam
1937 1232 2008 1292 ter-

513 1334 783 1421 giversationem,
807 1356 892 1420 quae
915 1332 1046 1400 civitati
1068 1332 1222 1419 legitime
1244 1332 1396 1398 defensio
1418 1339 1501 1399 tunc
1513 1332 1588 1399 visa
1606 1332 1682 1416 fuit,
1695 1333 1877 1417 vocaverit,
1900 1333 2008 1420 qaod·

514 1465 579 1529 que
601 1441 698 1508 nobis
721 1441 865 1528 plurima
897 1441 1057 1529 deinceps
1088 1441 1177 1506 mala
1208 1462 1249 1505 ex
1280 1438 1418 1506 maximi
1440 1439 1532 1527 regis
1554 1440 1606 1506 ira
1635 1440 1905 1528 pertimescenda
1929 1441 2010 1508 sint

513 1550 565 1616 Ea
587 1548 692 1635 igitur
714 1571 799 1636 quae
821 1548 969 1614 civitatis
991 1547 1080 1614 malo
1103 1557 1160 1614 001
1182 1546 1285 1614 exitio
1316 1547 1408 1613 intus
1431 1547 1558 1614 forisve
1589 1569 1663 1614 esse
1685 1555 1833 1636 possent,
1863 1554 1904 1614 ut
1920 1548 2006 1615 dum

513 1657 624 1723 adhuc
646 1656 765 1722 veniae
791 1663 925 1743 tempus
957 1665 1018 1740 est,
1050 1655 1215 1722 foeliciter
1246 1662 1443 1721 avertantur
1474 1662 1509 1721 et
1541 1654 1739 1742 longissime
1769 1654 2010 1743 profligantur.

513 1763 697 1851 Propterea
720 1763 842 1828 misera
865 1762 985 1829 civitas
1008 1762 1052 1827 ad
1074 1762 1126 1829 Ill
1159 1761 1245 1829 0010.
1268 1761 1426 1828 Vestram
1458 1769 1620 1849 tanquam
1650 1762 1694 1827 ad
1725 1762 1862 1829 unicum
1884 1763 1922 1829 in
1943 1761 2011 1830 hau

513 1871 585 1937 vita
607 1871 724 1937 salutis
747 1893 827 1936 suae
849 1871 1047 1957 praesidem,
1070 1870 1213 1958 supplex
1235 1892 1326 1937 nuno
1348 1870 1514 1957 confugit,
1544 1892 1672 1958 perque
1699 1892 1822 1937 omnen
1843 1869 2010 1937 virtutem

513 1985 614 2065 atque
635 1977 822 2044 bonitatem
843 1977 1010 2062 Vestram,
1032 1999 1094 2064 per
1115 1976 1271 2043 ioelicem
1292 1977 1397 2043 istum
1428 1983 1600 2043 tantarum
1621 1975 1839 2044 victoriarum
1861 1998 2011 2063 cursum,

514 2107 596 2173 quas
619 2086 669 2152 Ill.
693 2085 778 2151 0010.
803 2085 924 2151 Vestra
946 2084 1200 2173 potentissimae
1221 2083 1301 2150 huic
1322 2083 1542 2172 Reipublicae
1564 2083 1762 2151 fortitudine
1784 2106 1845 2150 sua
1865 2085 2011 2172 peperit,

512 2215 639 2281 perque
662 2193 774 2260 omnia
796 2215 890 2259 sacra
913 2200 947 2258 01
969 2214 1104 2259 omnem
1126 2191 1379 2276 humanitatem,
1411 2190 1628 2259 devotissime
1658 2192 1709 2259 Ill
1742 2191 1827 2259 0010.
1849 2191 2011 2259 Vestram

513 2308 621 2387 rogat,
644 2300 804 2385 obsecrat,
827 2300 921 2388 petit,
944 2306 983 2366 ut
1004 2321 1066 2365 sua
1087 2298 1216 2387 insigni
1237 2298 1448 2385 authoritate,
1471 2299 1612 2387 perenni
1629 2299 1769 2367 00001110
1787 2307 1822 2366 01
1839 2299 2010 2386 exquisito

513 2406 641 2491 iuditio,
664 2429 725 2494 001
747 2414 855 2474 101010
877 2413 1023 2472 aetatem
1044 2406 1086 2472 iis
1109 2406 1297 2474 actionibus
1321 2406 1471 2494 probato,
1494 2406 1585 2471 unde
1612 2407 1702 2473 salus
1733 2405 1876 2494 publica
1909 2406 2011 2473 mini·

512 2535 568 2580 me
590 2513 692 2580 dubio
710 2512 874 2580 bonorum
894 2513 1044 2580 omnium
1062 2513 1256 2581 testimonio
1278 2513 1451 2600 profluxit,
1469 2512 1717 2579 afflictissimae
1735 2513 1865 2580 civitati
1887 2534 2010 2581 succu-

513 2627 584 2686 rrat
602 2629 636 2686 et
654 2620 735 2707 quid
753 2619 845 2686 facto
868 2642 953 2707 opus
976 2619 1029 2705 sit,
1053 2620 1219 2707 quomodo
1243 2619 1311 2687 Ser.
1335 2642 1395 2686 rex
1416 2626 1532 2686 noster
1554 2620 1680 2707 placari
1702 2619 1819 2707 possit,
1839 2620 2011 2706 quomodo

513 2726 627 2813 Regni
659 2726 793 2793 ordines
825 2726 964 2808 exorari,
997 2728 1164 2814 quomodo
1196 2727 1286 2793 salus
1314 2736 1439 2812 nostra,
1471 2749 1557 2814 quse
1588 2727 1625 2793 in
1654 2749 1720 2794 usu
1750 2726 2012 2816 privilegiorum

514 2833 676 2918 consistit,
699 2834 891 2900 conservari
912 2834 1029 2922 possit,
1052 2835 1088 2900 in
1111 2834 1259 2901 medium
1282 2835 1444 2920 consulet,
1466 2842 1501 2901 et
1523 2833 1728 2901 authoritate
1759 2856 1821 2901 sna
1841 2833 1908 2902 1100
1929 2834 2012 2901 0111·

514 2940 589 3026 ciat,
612 2948 650 3007 ut
673 2941 702 3007 si
724 2963 794 3008 non
817 2941 930 3008 omnia
947 2943 990 3008 ad
1009 2964 1128 3028 assem,
1156 2941 1277 3008 saltem
1294 2941 1494 3030 principalia
1516 2941 1664 3008 civitatis
1683 2941 1881 3029 gravamina
1903 2942 2011 3009 corri-

513 3055 639 3136 gantur
661 3048 857 3137 priusquam
881 3048 1002 3117 civitas
1038 3048 1218 3117 fidelitatis
1251 3048 1464 3118 iureiurando
1495 3049 1757 3138 constringatur.
1788 3049 1864 3118 Hoc
1894 3056 2012 3118 autem

460 3236 464 3243 Ι
514 3156 661 3245 primum
683 3157 748 3225 hoo
771 3167 873 3246 00001
895 3166 929 3224 01
951 3158 1220 3243 fundamentum,
1243 3156 1300 3224 hic
1322 3158 1466 3245 denique
1488 3180 1575 3247 apex
1597 3158 1748 3225 omnium
1771 3164 1831 3242 est,
1861 3164 1902 3223 ut
1923 3157 2011 3224 civi·

513 3263 575 3329 tati
599 3264 642 3330 de
664 3264 695 3330 d
718 3265 839 3331 Jacobi
861 3264 989 3352 templo
1012 3265 1043 3332 d.
1067 3264 1233 3352 Stephani
1263 3264 1355 3352 regis
1369 3265 1578 3353 temporibus
1601 3287 1663 3352 per
1684 3263 1840 3330 fraudem
1861 3263 2012 3333 01100010

514 3380 548 3436 01
570 3370 732 3459 proximis
763 3371 949 3458 interregni
981 3372 1189 3459 temporibus
1221 3380 1417 3459 recuperato
1450 3370 1569 3439 idonee
1600 3380 1766 3438 caveatur.
1798 3370 1884 3437 00111
1916 3371 2013 3438 enim

514 3477 697 3565 diplomata
724 3500 745 3544 a
776 3478 807 3543 d.
839 3501 920 3565 rege
948 3478 1120 3566 Stephano
1152 3479 1294 3546 Jesuitis
1326 3486 1398 3545 tam
1430 3501 1531 3567 super
1562 3480 1698 3567 templo,
1730 3501 1832 3567 quam
1862 3479 2012 3567 collegio

512 3689 651 3778 insuper
673 3690 772 3757 huius
795 3691 885 3778 regis
908 3692 1016 3759 nostri
1038 3692 1235 3778 iuramento,
1268 3692 1364 3780 quasi
1387 3693 1588 3760 confirmata
1611 3700 1645 3759 et
1668 3691 1798 3759 sancita
1818 3691 2013 3780 videantur,

513 3822 718 3888 magnopere
740 3810 876 3866 veretur
898 3799 1028 3885 civitas,
1050 3823 1094 3866 ne
1117 3800 1180 3866 sibi
1205 3801 1247 3866 de
1269 3801 1395 3887 templo
1428 3800 1603 3867 retinendo
1635 3800 1672 3866 in
1699 3800 1837 3867 dubium
1867 3799 2012 3868 venien·

513 3906 594 3973 dum
617 3907 669 3975 sit
693 3906 769 3973 Etsi
792 3907 1005 3994 politicarum
1031 3929 1144 3973 rerum
1175 3929 1255 3974 usus
1288 3906 1517 3995 intercipetur,
1549 3906 1591 3973 ab
1614 3929 1654 3974 oo
1686 3915 1800 3973 tamen
1831 3905 2011 3992 hsudqua·

514 4035 615 4100 quam
634 4014 872 4080 discedendum
895 4013 960 4081 sibi
982 4036 1055 4080 esse
1086 4014 1221 4099 iudicat,
1243 4022 1282 4079 ut
1304 4022 1382 4080 ante
1400 4014 1578 4080 iuramenti
1601 4014 1862 4102 praestationem
1883 4012 1927 4079 de
1954 4036 2011 4081 re-

512 4127 611 4207 cepto
634 4127 839 4206 augustanae
861 4119 1034 4206 religionis
1057 4128 1091 4185 et
1114 4121 1316 4207 templorum
1338 4143 1476 4188 suorum
1497 4142 1570 4206 usu,
1598 4119 1787 4187 cautionem
1808 4140 1871 4207 pro
1894 4118 2008 4187 saluts

514 4225 701 4292 animarum
723 4248 858 4292 suarum
881 4227 1062 4293 admodum
1085 4228 1308 4294 necessariam
1330 4227 1489 4296 adhibeat
1511 4235 1546 4294 et
1568 4250 1604 4294 se
1626 4228 1663 4293 in
1685 4250 1722 4294 10
1740 4226 1827 4293 10011
1844 4229 2011 4295 momenti

515 4339 623 4398 tutam
644 4332 749 4417 reddi,
771 4333 947 4420 praecibus
971 4335 1154 4424 contendat
1176 4335 1383 4402 humillimis.
1407 4334 1445 4401 Si
1467 4357 1550 4421 ergo
1573 4335 1605 4401 S.
1624 4336 1666 4402 R.
1685 4335 1791 4401 M-tas
1808 4333 1907 4400 100110
1929 4333 2010 4402 istis

514 4448 549 4507 et
571 4440 782 4526 aequissimis
805 4441 930 4508 nostris
953 4442 1254 4530 supphcetionibus
1278 4466 1314 4509 00
1337 4465 1377 4510 00
1400 4443 1520 4508 adduci
1543 4442 1698 4530 patietur,
1729 4449 1768 4508 ut
1798 4441 1841 4507 iis
1864 4442 2010 4509 clemen·

513 4545 644 4612 tissime
666 4556 801 4633 annuat,
825 4547 857 4615 S.
881 4549 922 4614 R.
946 4548 1039 4615 Μ-110
1063 4549 1128 4615 0111
1160 4548 1325 4637 imperare
1358 4571 1423 4636 quo
1455 4549 1529 4615 loco
1561 4549 1596 4614 id
1627 4547 1705 4614 iieri
1731 4548 1823 4634 velit,
1853 4547 2011 4635 Bigueve

514 4676 575 4742 per
597 4677 675 4721 suos
699 4656 954 4740 commissarios,
976 4658 1031 4723 vel
1054 4665 1188 4724 nostros
1211 4657 1248 4722 in
1271 4658 1382 4723 aulam
1404 4656 1595 4723 mittendos.
1623 4656 1739 4723 Nostri
1762 4656 1826 4722 erit
1847 4662 2009 4721 neutrum

513 4784 675 4828 recusare.
700 4761 791 4841 Quae
812 4771 929 4829 nostra
951 4764 1120 4850 postulate
1143 4786 1221 4829 cum
1244 4786 1264 4828 a
1286 4786 1436 4829 summae
1455 4766 1632 4850 aequitate,
1650 4763 1722 4829 fide
1741 4770 1775 4829 01
1793 4761 2010 4829 oboedientia

513 4868 598 4934 nihil
621 4868 766 4935 habeont
788 4869 896 4954 alieni,
919 4870 1105 4936 humillima
1128 4870 1233 4937 animi
1256 4871 1469 4938 contentione
1491 4871 1627 4938 nomine
1650 4870 1797 4937 civitatis
1820 4890 1888 4954 oro,
1920 4891 2009 4957 rogo

513 4985 614 5063 etque
650 4977 810 5065 00001100,
849 4985 886 5043 01
922 5000 962 5043 ea
998 4978 1065 5043 iam
1105 4979 1242 5044 tandem
1280 4979 1390 5045 locum
1431 4979 1521 5065 apud
1562 4978 1594 5045 S.
1626 4979 1668 5044 R.
1700 4978 1821 5043 M·tem
1853 4976 2012 5045 invenire

513 5084 653 5171 possint,
686 5106 751 5172 quo
788 5084 907 5151 civitas
939 5107 1041 5173 opum
1073 5093 1107 5152 et
1133 5085 1346 5152 fortunarum
1378 5085 1583 5173 0001000111
1607 5085 1747 5152 caeteris
1774 5084 1873 5150 huius
1897 5085 2012 5153 inoliti
