4775 6225
441 669 495 726 tel

443 821 1962 918 Tarurisnegotistionesexmcereindequemoeoescuimvisgmesisetqmlitatis

443 935 1666 1025 mmtenuqmmuqmudvehereagerqducmqscudvuctsset
1697 937 1882 1003 adductas
1913 959 1963 1024 per

443 1044 570 1113 Buram
592 1046 629 1112 in
651 1044 867 1132 Volhyuiam,
880 1044 1044 1111 ditionem
1057 1044 1271 1112 Olescensem
1293 1054 1329 1111 et
1349 1046 1596 1130 moecensem,
1620 1047 1879 1135 palatinatum
1896 1047 1962 1111 Bel·

444 1174 586 1237 sensem,
609 1162 734 1219 terram
756 1151 992 1218 Chclmeusem
1014 1160 1049 1217 et
1071 1152 1247 1219 Polouiam
1269 1175 1310 1218 ιο
1331 1152 1558 1236 Litbuaniam,
1575 1163 1615 1218 et
1632 1176 1708 1241 per
1734 1155 1962 1242 palatiusmm

444 1261 605 1329 Podoliue
626 1261 663 1326 iu
685 1260 987 1343 Bruozlaviensem,
1006 1260 1042 1325 iu
1064 1261 1286 1348 pdatiuamm
1309 1260 1543 1345 Kij0vieusem
1565 1269 1602 1327 et
1624 1261 1894 1328 Moschoviam
1915 1261 1962 1326 de·

445 1377 589 1457 portare,
611 1390 723 1455 agere,
744 1367 875 1452 ducere,
898 1367 1045 1434 vendere
1065 1367 1216 1455 aliusque
1238 1368 1387 1435 cuiusvis
1409 1367 1544 1455 generis
1566 1376 1603 1434 et
1621 1369 1824 1456 qualitatis
1850 1391 1963 1450 emere,

445 1474 652 1559 contrahere,
674 1474 724 1543 ire
742 1483 777 1541 et
794 1474 919 1541 reverti
936 1496 1014 1541 oum
1032 1474 1075 1540 iis
1093 1473 1206 1559 libere,
1228 1475 1302 1541 siue
1324 1476 1393 1543 ullo
1415 1476 1670 1563 impedimento,
1692 1498 1740 1543 ac
1760 1477 1848 1543 sine
1871 1476 1963 1542 ullius

445 1581 596 1666 thelonii,
617 1591 688 1649 tam
706 1582 823 1666 nostri,
841 1603 942 1669 quam
961 1581 1064 1648 enam
1082 1590 1275 1649 nostrorum
1293 1581 1505 1649 subditorum
1522 1582 1708 1667 solutione,
1729 1583 1963 1669 similiterque

446 1712 573 1758 merces
609 1688 1962 1777 quasvisetundevisallatasinlbrrciam,‘l'artariamacValsehium

446 1797 601 1864 similiter
630 1797 735 1864 libere
766 1796 892 1883 absque
923 1796 1090 1863 solutione
1121 1796 1270 1863 cuiusvis
1301 1796 1444 1863 thelonii
1475 1796 1617 1881 deferre,
1649 1819 1671 1863 ι
1709 1820 1787 1885 qua
1826 1798 1961 1885 quidem

447 1905 673 1973 theloniomm
705 1904 871 1971 solutione
894 1903 1058 1991 oppidum
1089 1904 1381 1992 praenominatum
1414 1915 1574 1992 tauquam
1605 1926 1733 1971 recens
1763 1905 1958 1988 conditum,

447 2012 540 2079 hisce
562 2012 598 2079 iu
622 2012 795 2100 primaeva
812 2011 918 2099 ipsius
937 2011 1135 2078 fundatione
1153 2011 1221 2077 illis
1239 2012 1408 2078 concessis
1426 2012 1548 2078 littaris
1566 2034 1606 2077 ιο
1622 2011 1824 2099 prIvilegio
1844 2021 1960 2080 nostro

449 2142 511 2208 per
542 2141 659 2187 omues
682 2118 793 2206 Regni
816 2118 1000 2206 Magnique
1022 2119 1173 2186 Ducutus
1196 2119 1398 2185 Lithuuniae
1430 2127 1463 2185 et
1495 2120 1735 2186 adiuncturum
1769 2120 1849 2186 illis
1884 2142 1957 2208 pro

448 2227 636 2294 viucierum
658 2226 804 2294 ditionoe
828 2248 849 2292 a
870 2226 991 2313 quovis
1014 2227 1176 2293 mercium
1207 2226 1432 2293 animatorum
1454 2238 1488 2292 et
1515 2226 1784 2293 inanimatarum
1820 2250 1956 2313 genere,

447 2334 550 2401 etiam
581 2356 667 2421 quac
698 2356 739 2401 ex
762 2332 924 2400 Valachie
955 2333 1167 2400 adducuntur
1189 2333 1245 2400 vel
1267 2334 1475 2417 adferuntur,
1507 2343 1542 2399 et
1568 2355 1654 2420 quse
1684 2334 1724 2399 in
1748 2334 1955 2401 Valachiam

449 2464 582 2529 qusque
605 2450 834 2530 exportantur,
857 2462 897 2507 eo
929 2449 1061 2507 tantum
1093 2441 1184 2527 quod
1207 2441 1243 2506 iu
1266 2441 1394 2507 finibus
1417 2441 1556 2507 Silesiee
1588 2441 1624 2506 iu
1655 2462 1767 2527 reguo
1803 2441 1955 2528 exigitur

449 2548 599 2616 thelonio
635 2556 784 2635 excepto,
822 2547 1027 2635 temporibus
1064 2547 1236 2635 perpetuis
1271 2548 1452 2614 liberemus
1493 2557 1528 2612 et
1558 2546 1776 2613 absolvimus.
1823 2548 1953 2613 Damus

451 2666 622 2744 praeterea
653 2654 763 2721 eidem
795 2654 920 2742 oppido
953 2654 1196 2742 depositonum
1219 2655 1308 2738 salis,
1331 2677 1436 2738 ceree,
1459 2655 1610 2743 piscium,
1632 2654 1764 2720 cutium
1797 2655 1950 2741 itemque

451 2763 601 2828 omnium
633 2761 796 2828 mercium
826 2761 937 2827 ubivis
969 2770 1248 2850 comparaturum,
1280 2785 1320 2829 ιο
1351 2762 1527 2849 quibusvis
1550 2784 1592 2827 ex
1623 2761 1716 2841 locis,
1749 2762 1949 2847 provinciis,

450 2869 575 2956 reguis,
598 2877 633 2934 et
654 2868 813 2935 dominiis
837 2868 1021 2952 allatarum,
1044 2870 1216 2957 perpetuis
1239 2868 1447 2957 temporibus
1470 2870 1677 2936 duraturum.
1700 2867 1875 2956 Tempore
1898 2878 1946 2933 ta·

451 2997 529 3043 meu
551 2975 630 3042 belli
653 2997 692 3042 ao
715 2976 807 3042 omni
830 2984 996 3064 suspecto,
1028 2976 1155 3060 haeres,
1178 2975 1216 3042 in
1238 2975 1390 3042 absentia
1422 2998 1502 3042 vero
1525 2975 1596 3041 eius
1629 2984 1833 3062 procurator
1861 2975 1947 3041 arcis

451 3105 490 3151 ιο
514 3082 630 3172 oppidi
653 3081 803 3151 eiusdem
826 3104 887 3172 pro
910 3090 1062 3171 tempore
1085 3082 1241 3169 existens,
1264 3084 1327 3151 sub
1345 3083 1417 3150 fide
1435 3081 1615 3150 ethonore
1637 3103 1820 3171 procurare
1839 3083 1948 3166 debet,

451 3213 495 3259 ne
517 3191 599 3278 quid
622 3214 683 3279 per
705 3192 888 3258 adventum
911 3199 1124 3257 externorum
1147 3199 1182 3256 et
1204 3191 1294 3257 ultro
1316 3190 1468 3277 citroque
1490 3212 1551 3278 per
1574 3189 1723 3256 dominia
1739 3197 1870 3270 noema,
1888 3212 1949 3277 per

453 3297 535 3364 illud
572 3298 734 3386 oppidum
771 3298 1048 3364 commeationem
1085 3297 1278 3364 detrimenti
1314 3319 1354 3363 ιο
1390 3296 1531 3384 periculi
1563 3295 1768 3383 reipublicae
1805 3305 1948 3363 creetur.

453 3405 580 3471 Damus
604 3405 741 3493 insuper
764 3405 873 3471 eidem
897 3404 1022 3493 oppido
1054 3426 1093 3469 ιο
1116 3404 1186 3469 eius
1210 3403 1463 3490 magistratibus
1490 3412 1525 3469 et
1552 3401 1784 3468 communitati
1812 3403 1948 3489 insigne

454 3512 524 3577 divi
548 3512 695 3578 Floriani
720 3535 796 3578 oum
819 3512 926 3578 tribus
951 3535 970 3576 ι
993 3512 1110 3577 dextra
1134 3520 1229 3598 parte
1261 3512 1366 3577 hastis
1390 3512 1426 3575 in
1450 3519 1544 3576 scuto
1567 3509 1688 3598 positis
1727 3517 1761 3574 et
1785 3511 1821 3574 in
1846 3531 1949 3575 mauu

455 3620 529 3683 lova
553 3620 687 3684 vasculo
711 3642 787 3685 cum
802 3642 896 3704 equa,
916 3640 981 3704 qua
1000 3619 1197 3705 superflissa
1212 3618 1404 3684 incendium
1422 3618 1639 3704 extinguitur,
1658 3616 1715 3682 ubi
1734 3618 1770 3681 in
1793 3620 1949 3703 margine

455 3747 568 3791 aarum
592 3727 779 3791 litterarum
803 3725 974 3812 depictum
1007 3725 1157 3809 habetur,
1180 3726 1281 3812 idque
1314 3748 1388 3792 sam
1421 3725 1463 3792 ob
1496 3746 1640 3807 causum,
1664 3723 1754 3809 quod
1783 3723 1947 3811 oppidum

456 3832 519 3897 hoc
542 3831 750 3918 praedictum
775 3833 817 3899 ab
841 3832 921 3898 olim
945 3841 1080 3897 strenuo
1104 3833 1263 3898 Floriano
1287 3832 1374 3917 Sary
1397 3830 1703 3897 denominationem
1726 3828 1836 3895 hebet
1876 3830 1948 3909 Quo

457 3939 591 4024 quidem
616 3939 750 4025 insigni,
774 3948 843 4004 tem
877 3940 911 4003 in
945 3939 1119 4024 signandis
1152 3940 1272 4004 litteris
1306 3938 1489 4024 quibusvis,
1514 3960 1614 4023 quam
1646 3936 1748 4002 etiam
1780 3937 1948 4003 mercibus

456 4046 621 4130 rebusque
637 4046 799 4129 omnibus,
823 4068 915 4112 more
934 4045 1074 4111 eliorum
1094 4045 1295 4132 oppidorum
1310 4068 1349 4111 ac
1364 4044 1539 4111 civitatum
1558 4044 1655 4130 regni
1673 4045 1781 4110 nostri
1801 4053 1948 4110 utentur.

457 4152 497 4218 ln
522 4174 662 4236 quorum
686 4152 835 4217 omnium
854 4152 959 4217 fidem
978 4175 1017 4218 ιο
1036 4152 1224 4217 evidentius
1249 4152 1478 4217 testimonium
1500 4160 1693 4237 praesentes
1712 4172 1815 4216 manu
1834 4159 1950 4216 nostru

458 4259 663 4344 subscriptus
697 4258 810 4344 sigillo
842 4259 956 4344 Regni
989 4259 1095 4324 nostri
1119 4259 1318 4325 communiri
1342 4258 1585 4324 mandavimus.
1618 4259 1744 4324 Datum
1768 4258 1950 4324 Cracoviee

458 4367 493 4430 in
517 4374 684 4431 conventu
707 4366 856 4452 generali
888 4366 996 4432 felicis
1020 4365 1244 4431 coronationis
1268 4375 1410 4450 nostrae,
1434 4366 1488 4430 die
1511 4365 1676 4450 vigesima
1699 4373 1796 4430 sextu
1821 4366 1948 4430 mensis

457 4474 480 4539 J
483 4473 611 4538 anuarii
635 4495 723 4539 anno
746 4473 882 4538 Domini
915 4473 1091 4538 millesimo
1116 4473 1385 4559 quingentesimo
1418 4472 1647 4558 octuagesimo
1675 4480 1804 4555 octav0,
1838 4471 1950 4558 Regni

458 4580 564 4647 nostri
589 4581 706 4667 prims,
730 4582 961 4666 praesentibus
985 4580 1282 4665 reverendissimis,
1302 4581 1503 4664 reverendis,
1522 4581 1717 4663 illustribus,
1746 4581 1952 4667 magnificis,

459 4689 631 4774 generosis
655 4697 689 4753 et
712 4687 957 4754 venerabilibus
981 4696 1042 4754 eto.
1066 4698 1104 4754 ut
1127 4710 1235 4776 supro,
1261 4687 1498 4774 Sigismuudus
1522 4710 1589 4753 rex.

569 4907 588 4969 ¹)
610 4903 745 4969 Ogromne
763 4906 908 4955 znaczcnic
926 4907 984 4970 tego
1005 4904 1167 4974 przywr'lcju
1190 4904 1299 4959 omdwil
1321 4903 1492 4957 Tarnawski
1511 4917 1534 4956 o.
1554 4917 1574 4956 c.
1590 4904 1650 4957 sut.
1673 4901 1823 4971 Prsywilcj
1840 4901 1953 4969 lancy-

460 4993 549 5059 rkr'ego
567 4993 616 5046 dlo
630 4990 809 5060 Storogrodu
833 5008 848 5043 a
871 4995 909 5046 28
922 4992 950 5046 X
965 4994 1041 5059 1585
1063 4993 1102 5047 ob.
1122 5010 1143 5045 s.
1162 5006 1290 5060 ,erl-13
1309 4994 1473 5064 niniejszego
1496 4996 1577 5047 tomu.
