4775 6225
513 748 568 808 430

513 912 641 978 factum
664 932 746 995 esse,
764 918 802 976 ut
821 910 883 977 sub
901 909 972 976 eius
996 910 1032 975 in
1055 909 1214 996 Regnum
1237 909 1421 975 adventum
1443 908 1651 996 amplissima
1674 910 1910 997 praefectura
1935 910 2035 996 Kny-

513 1018 658 1085 simensis
672 1025 855 1084 ornaretur.
871 1016 1030 1083 Secutum
1044 1023 1171 1104 postea,
1185 1015 1335 1082 discessu
1352 1015 1492 1082 Heurici
1505 1016 1605 1102 regis,
1618 1017 1762 1083 alterum
1779 1016 2033 1103 interregnum

512 1126 588 1211 fnit,
610 1126 647 1191 in
671 1147 736 1212 quo
759 1148 799 1191 eo
822 1124 1038 1191 illustriorem
1060 1124 1222 1190 virtutem
1245 1123 1317 1190 eius
1344 1123 1496 1190 extitisse
1519 1123 1841 1208 animadvertimus,
1867 1145 1945 1211 quo
1979 1146 2031 1190 su·

513 1232 701 1320 perioribus
719 1231 922 1319 reipublicae
941 1231 1149 1319 temporibus
1167 1232 1278 1318 magis
1297 1239 1475 1319 perspecta
1492 1232 1560 1297 iam
1578 1231 1696 1298 fuerat
1725 1231 1890 1297 Maxime
1917 1240 2029 1298 autem

514 1339 594 1406 divo
613 1338 786 1427 Stephano
810 1337 893 1425 regi,
911 1338 969 1425 qui
993 1338 1206 1405 serenissimo
1224 1338 1372 1405 Hsnrioo
1391 1338 1557 1405 suffectus
1575 1337 1649 1423 fuit,
1667 1338 1715 1404 ita
1734 1360 1816 1405 earn
1840 1338 2027 1427 probatam

513 1446 629 1526 fuisse,
651 1454 689 1511 ut
711 1466 790 1511 mox
823 1444 931 1532 primo
954 1444 991 1509 in
1013 1445 1173 1531 Regnum
1205 1444 1363 1532 ingressu
1394 1466 1455 1511 suo
1487 1445 1637 1512 omnium
1655 1444 1889 1513 consiliorum
1925 1454 2026 1533 atque

515 1551 685 1620 actionum
717 1573 853 1618 suarum
884 1552 928 1618 ad
960 1551 1153 1617 ministrum
1185 1551 1417 1617 asciscendum
1440 1551 1504 1618 sibi
1537 1551 1677 1639 putavit
1718 1551 1846 1639 Itaque
1870 1552 2024 1641 primum

515 1658 789 1743 vicecancellarii,
821 1658 942 1725 deinde
974 1658 1173 1744 cancellarii,
1197 1660 1240 1726 ad
1272 1666 1458 1725 extremum
1481 1681 1562 1726 vero
1594 1659 1761 1746 generalis
1788 1660 1902 1727 etiam
1932 1682 2023 1727 exer·

515 1767 601 1833 citus
624 1787 762 1832 munere
784 1765 833 1830 illi
856 1765 991 1850 tradito,
1013 1766 1061 1830 ita
1089 1765 1244 1832 omnibus
1267 1766 1304 1831 in
1327 1765 1435 1850 rebus,
1463 1773 1533 1831 tam
1565 1767 1642 1850 suis,
1666 1786 1767 1852 quam
1791 1766 2022 1855 Reipublicae

515 1873 680 1961 singulari
702 1873 808 1962 ipsius
831 1873 978 1959 ingenio,
998 1873 1132 1958 virtute,
1150 1874 1291 1940 consilio
1309 1895 1408 1940 usum
1427 1873 1541 1959 fuisse,
1559 1882 1598 1940 ut
1615 1896 1724 1961 neque
1741 1874 1814 1940 ulla
1832 1897 1894 1941 res
1914 1875 2021 1942 maior

515 1991 613 2066 esset,
636 2002 736 2068 quam
759 2002 828 2047 non
851 1980 957 2069 ipsius
989 1980 1203 2068 potissimum
1234 1981 1409 2066 industrie,
1432 1989 1502 2047 tam
1534 1980 1634 2066 domi,
1657 2003 1759 2068 quam
1786 1982 1879 2049 foris
1915 1982 2019 2049 admi·

514 2089 682 2173 nistraret,
705 2109 813 2175 neque
837 2087 879 2154 ab
901 2087 966 2154 hoc
988 2088 1057 2153 ulla
1080 2096 1237 2176 suscepta
1258 2087 1370 2172 fuerit,
1394 2110 1494 2175 quam
1517 2110 1587 2155 non
1609 2110 1650 2154 ex
1672 2110 1737 2155 usu
1763 2097 1870 2175 atque
1907 2088 2018 2177 digni·

515 2204 594 2282 tate,
618 2218 694 2262 cum
717 2195 818 2283 regis,
842 2203 914 2261 tum
937 2195 1140 2283 reipublicae
1162 2196 1315 2283 gesserit.
1342 2196 1489 2280 Etenim,
1512 2218 1589 2262 oum
1612 2195 1654 2262 ab
1676 2194 1773 2262 initio
1796 2196 1922 2283 Regni
1950 2198 2019 2263 eius

516 2302 738 2391 gravissimae
762 2302 983 2369 difficultates
1015 2302 1159 2369 eundem
1192 2302 1444 2369 serenissimum
1467 2302 1677 2391 Stephanum
1712 2324 1831 2390 regem
1861 2304 2019 2371 decesso·

515 2432 587 2477 rem
610 2417 764 2476 nostrum
786 2409 1005 2496 excepissent,
1029 2431 1097 2476 non
1121 2409 1222 2476 modo
1240 2409 1276 2475 in
1299 2409 1340 2475 iis
1359 2408 1577 2497 explicandis,
1595 2432 1714 2477 verum
1731 2409 1898 2476 universa
1917 2411 2019 2477 etiarn

515 2516 687 2605 republica
719 2516 841 2582 deinde
872 2516 1115 2602 constituenda,
1147 2517 1247 2582 huius
1271 2516 1494 2604 potissimum
1526 2516 1666 2583 consilio
1707 2523 1809 2603 atque
1845 2516 2019 2583 industria

515 2645 613 2690 usum
636 2623 831 2711 reperimus.
864 2623 951 2689 Nam
975 2631 1009 2689 et
1031 2623 1067 2688 in
1091 2623 1301 2690 senatoribus
1324 2646 1363 2689 ac
1387 2623 1524 2710 reliquis
1547 2623 1678 2690 civibus
1701 2622 1753 2708 iis,
1776 2623 1836 2710 qui
1859 2624 2020 2692 diversae

516 2730 702 2796 sententiae
726 2730 868 2813 fuerant,
892 2730 935 2795 ad
959 2730 1172 2796 concordiam
1204 2729 1404 2797 reducendis
1435 2729 1608 2796 lenitatem
1636 2738 1670 2795 et
1692 2729 1915 2817 prudentiam
1948 2732 2019 2798 eius

517 2835 723 2925 apparuisse,
745 2844 780 2901 et
811 2836 846 2901 in
880 2835 1073 2907 Gadanensi
1104 2836 1260 2921 tumultu,
1293 2836 1350 2923 qui
1382 2837 1418 2902 in
1449 2837 1562 2924 ipsum
1594 2836 1800 2903 serenissimi
1829 2837 2019 2905 decessoris

517 2942 625 3010 nostri
648 2942 690 3007 ad
713 2943 872 3028 Regnum
896 2943 1025 3009 aditum
1048 2943 1242 3028 incurreret,
1265 2953 1338 3009 tum
1356 2943 1517 3010 virtutem
1540 2944 1611 3009 eius
1630 2943 1839 3030 singularem
1862 2945 2020 3011 extitisse

517 3050 746 3137 cognovimus,
771 3058 842 3116 tum
874 3050 909 3116 in
934 3050 1084 3137 pacando
1107 3071 1146 3117 eo
1170 3050 1347 3118 consilium
1379 3060 1479 3137 atque
1503 3050 1747 3135 auctoritatem,
1770 3058 1806 3117 et
1828 3060 1953 3139 postea
1984 3053 2020 3118 in

517 3158 649 3224 iudiciis
667 3158 854 3225 nobilitatis
869 3157 1122 3244 constituendis,
1137 3157 1224 3225 bello
1239 3166 1350 3224 autem
1365 3158 1619 3243 Moschovitico,
1632 3180 1701 3225 non
1715 3159 1818 3225 modo
1833 3160 2020 3243 suadendo,

518 3288 634 3332 verum
666 3266 768 3332 etiam
801 3266 959 3351 gerend0,
991 3265 1136 3330 maxime
1168 3265 1270 3331 etiam
1294 3287 1333 3331 ea
1355 3266 1544 3331 eminuisse.
1569 3265 1654 3331 Cum
1678 3265 1777 3348 enim,
1801 3275 1841 3331 ut
1869 3276 1953 3332 ante
1984 3268 2020 3332 in

518 3373 719 3456 Gedanensi,
745 3373 791 3438 ita
814 3374 849 3437 in
873 3373 1050 3439 Poloceusi
1074 3372 1290 3459 expeditione
1323 3373 1457 3458 privato
1478 3383 1616 3458 sumptu
1634 3376 1759 3438 iustum
1783 3373 1936 3439 militum
1959 3397 2020 3440 nu·

519 3502 648 3546 merum
674 3502 786 3545 secum
811 3481 969 3563 duxisset,
994 3481 1028 3543 iu
1048 3479 1200 3544 Lucense
1220 3502 1299 3545 vero
1319 3482 1406 3566 parti
1427 3481 1590 3545 exercitus
1619 3480 1749 3566 ipsique
1768 3482 2020 3566 oppugnationi

517 3588 687 3653 Lucorum
719 3588 930 3673 praepositus
954 3610 973 3652 a
997 3609 1086 3673 rege,
1110 3587 1153 3651 ad
1171 3586 1335 3652 Velisium
1352 3610 1440 3652 -verc
1463 3596 1497 3652 et
1520 3588 1742 3652 Zawolociam
1766 3609 1844 3652 cum
1868 3590 2019 3654 exercitu

518 3696 639 3760 missus
664 3694 792 3777 fuisset,
817 3696 862 3759 ita
886 3717 962 3759 cum
996 3694 1077 3780 ipsis
1111 3694 1223 3776 Lucis,
1255 3703 1326 3758 tum
1351 3694 1477 3759 Velisio
1501 3717 1540 3759 ac
1568 3693 1755 3760 Zawolocia
1778 3695 2019 3761 munitissimis

518 3804 693 3891 praesidiis
726 3804 968 3891 expugnandis,
993 3804 1191 3887 inutraque
1225 3803 1436 3888 expeditione
1469 3825 1505 3867 se
1529 3802 1674 3888 gessisse
1709 3825 1784 3867 eum
1818 3804 2019 3889 reperimus.

517 3922 645 3977 utnon
669 3913 779 3977 minor
802 3911 995 3976 bellicarum
1014 3932 1124 3975 rerum
1145 3911 1226 3993 laus,
1246 3932 1346 3995 quam
1365 3911 1458 3996 pacis
1483 3910 1605 3975 artium
1629 3910 1671 3974 ab
1695 3909 1851 3975 omnibus
1886 3911 1938 3976 illi
1961 3912 2018 3976 tri·

517 4019 680 4084 bueretur.
696 4020 814 4104 Itaque
829 4018 954 4083 virtute
969 4018 1030 4082 hac
1045 4018 1115 4083 eius
1135 4027 1320 4104 perspecta,
1340 4041 1416 4083 cum
1436 4019 1534 4104 paulo
1554 4027 1632 4103 post
1650 4018 1750 4083 tertia
1764 4018 2016 4085 Plescoviensis

519 4126 687 4211 expeditio
721 4126 896 4190 subsecuta
925 4126 1053 4209 fuisset,
1077 4147 1153 4190 cum
1185 4125 1326 4212 imperio
1360 4125 1497 4189 militari
1525 4125 1555 4190 ei
1585 4125 1796 4208 demandato,
1820 4127 2017 4211 generalem

518 4234 722 4299 exercituum
746 4234 787 4300 ab
811 4235 928 4299 eodem
952 4234 1165 4298 serenissimo
1189 4235 1363 4298 decessore
1387 4243 1503 4299 nostro
1523 4234 1557 4297 in
1578 4234 1706 4299 hostico
1726 4233 1768 4297 ad
1788 4233 2017 4300 Voronecium

518 4340 665 4405 exercitu
684 4350 884 4427 exposcente
904 4364 979 4406 eum
999 4341 1213 4423 declaratum,
1233 4350 1304 4405 tum
1324 4350 1442 4427 postea
1460 4340 1661 4426 gravissima
1679 4340 1789 4405 hicme
1808 4342 2017 4428 summisque

520 4447 605 4513 aeris
626 4455 725 4532 atque
740 4448 818 4514 belli
833 4448 1052 4513 incommodis
1069 4448 1142 4512 aliis
1157 4449 1228 4512 fere
1243 4448 1397 4513 omnibus
1413 4448 1530 4512 cedere
1544 4447 1677 4529 coactis,
1692 4447 1795 4530 illum,
1815 4469 1877 4513 sua
1898 4458 2017 4536 sponte

520 4554 555 4618 id
579 4554 824 4641 deposcentem,
848 4555 889 4619 ed
914 4555 1124 4620 Plescoviam
1157 4556 1257 4619 etiam
1291 4578 1366 4620 cum
1399 4555 1547 4620 exercitu
1579 4555 1740 4619 relictum.
1779 4554 1871 4632 Quae
1906 4564 2017 4621 tamen

519 4661 631 4727 omnia
653 4661 710 4725 ille
733 4683 801 4725 non
824 4662 923 4727 modo
948 4662 1127 4748 superavit,
1150 4684 1268 4727 verum
1292 4662 1411 4727 iisdem
1436 4661 1633 4747 superandis
1657 4659 1820 4727 invictum
1845 4683 1885 4726 eo
1911 4685 2016 4748 usque

519 4768 651 4835 hostem
675 4769 772 4834 simul
798 4769 978 4855 superavit,
997 4779 1030 4833 et
1058 4792 1134 4834 oum
1149 4769 1345 4834 Moschovia
1369 4773 1459 4834 omni
1484 4770 1554 4833 fere
1573 4769 1745 4848 vastanda,
1761 4776 1833 4832 tum
1852 4770 2020 4855 urgenda,

520 4875 693 4941 obsidione
726 4875 962 4940 Plescoviense
995 4876 1126 4941 hostem
1159 4877 1431 4962 potentissimum
1456 4876 1498 4940 ad
1522 4876 1714 4939 universam
1748 4874 1933 4941 Livcniam
1966 4899 2016 4942 ce·

521 4983 666 5047 dandam
699 4991 798 5068 atque
822 5005 877 5047 eas
901 4982 993 5069 pacis
1018 4982 1227 5047 conditiones
1252 4983 1421 5069 compulit,
1441 4983 1482 5047 ad
1504 5004 1585 5066 quas
1605 5003 1625 5045 a
1643 4982 1734 5048 nullo
1758 4981 1904 5047 antehac
1925 4982 2017 5068 adigi

522 5089 694 5174 potuisset.
718 5090 847 5154 Eodem
870 5111 952 5155 vcro
970 5090 1079 5172 modo,
1099 5112 1174 5154 cum
1195 5112 1233 5155 eo
1254 5089 1339 5155 bello
1354 5090 1410 5154 vix
1430 5089 1529 5153 finito
1548 5088 1717 5153 Mechmet
1732 5087 1909 5153 Ohereiius
1930 5089 2019 5177 prin·
