4775 6225
443 683 461 740 6

444 844 524 931 eius,
551 844 653 911 etiam
680 866 755 911 cum
784 841 1000 910 concionator
1021 864 1091 909 non
1110 840 1238 927 fuisset,
1261 841 1330 909 ad
1354 840 1573 929 Sigismundo
1596 864 1677 930 rege
1699 863 1775 908 oum
1799 864 1838 908 ea
1861 862 1939 908 oon·

444 955 580 1039 ditione,
613 976 656 1020 ne
687 953 730 1020 ob
761 953 797 1018 id
829 953 975 1039 priorem
1007 951 1234 1018 conditionem
1266 973 1361 1017 suam
1393 959 1529 1018 exueret
1551 959 1585 1017 et
1607 974 1628 1016 a
1650 950 1940 1019 concionatoribus

444 1061 653 1145 alienaretur,
680 1060 846 1126 collatum.
875 1058 961 1125 Dum
984 1066 1096 1125 autem
1118 1058 1174 1124 hic
1197 1059 1244 1124 ita
1267 1081 1357 1124 nunc
1380 1057 1579 1125 decumbere
1601 1059 1740 1143 dicatur,
1762 1067 1801 1125 ut
1823 1060 1867 1125 de
1889 1059 1939 1146 ip·

444 1169 513 1235 sius
545 1168 617 1234 vita
650 1189 670 1234 a
696 1165 835 1232 medicis
859 1165 1013 1232 omnibus
1036 1165 1108 1231 fere
1132 1165 1335 1253 desperetur,
1359 1166 1387 1231 si
1412 1166 1492 1252 quid
1515 1166 1565 1232 illi
1588 1166 1726 1234 humani
1750 1166 1942 1252 contigerit,

444 1273 678 1342 canonicatum
710 1295 787 1339 eum
819 1271 1046 1339 concionatori
1078 1272 1237 1356 debitum,
1260 1272 1398 1338 emerito
1422 1271 1649 1340 concionatori
1673 1296 1774 1360 quam
1796 1273 1940 1360 diligen-

444 1381 573 1449 tissime
609 1381 651 1447 ab
679 1380 793 1446 ill-ma
814 1380 855 1447 D.
888 1379 1010 1446 Vestra
1041 1387 1155 1466 petere
1186 1400 1255 1446 non
1288 1378 1413 1447 dubito.
1444 1380 1609 1466 Magister
1637 1379 1852 1447 Sebestionus
1890 1387 1943 1445 est

445 1487 676 1557 Glodaviensis
695 1486 854 1554 ecclesiae
873 1485 1074 1553 cathedralis
1093 1486 1264 1552 Viinensis
1283 1487 1508 1572 concionator,
1531 1489 1625 1553 cuius
1649 1511 1726 1554 oum
1740 1488 1857 1576 pietas,
1881 1488 1941 1554 do·

444 1597 554 1663 ctrina
572 1617 611 1661 ao
629 1594 800 1681 singulare
818 1594 855 1659 in
873 1615 912 1660 eo
931 1615 1069 1659 munere
1092 1593 1249 1659 ecclesiae
1272 1602 1433 1660 navatum
1456 1594 1617 1661 hactenus
1640 1595 1790 1661 studium
1812 1616 1833 1661 a
1855 1596 1942 1661 mul·

444 1702 488 1769 tis
511 1701 627 1768 amicis
659 1700 743 1767 meis
775 1700 993 1766 vehementer
1024 1700 1108 1765 mihi
1130 1700 1351 1788 praedicetur,
1378 1702 1512 1768 Ill-mae
1533 1702 1575 1769 D.
1598 1702 1748 1787 Vestrae,
1778 1711 1817 1768 ut
1841 1703 1943 1769 talem

444 1809 556 1877 virum
580 1808 693 1893 debeo,
721 1829 852 1874 summo
876 1806 987 1873 studio
1011 1807 1218 1891 commendo,
1242 1830 1383 1895 eumque
1406 1809 1446 1874 R.
1470 1809 1575 1875 M·tas
1598 1816 1707 1877 totum
1726 1809 1942 1876 canonicatus

444 1916 515 1985 eius
539 1915 715 1983 arbitrium
737 1916 871 1981 iil-mae
893 1915 934 1981 D.
957 1914 1098 1980 Vestrae
1121 1914 1314 2002 permisisse
1337 1938 1373 1981 se
1401 1917 1565 2000 ostendat,
1593 1916 1621 1982 si
1655 1915 1735 2003 quid
1759 1916 1943 1983 Goreczcio

445 2024 613 2108 acciderit,
645 2046 722 2090 cum
753 2031 792 2089 ut
823 2022 872 2088 illi
895 2022 1058 2106 conferre,
1081 2022 1130 2088 ita
1152 2030 1263 2088 autem
1295 2023 1448 2089 conferre
1480 2024 1594 2090 ill-ma
1625 2024 1665 2091 D.
1697 2024 1820 2091 Vestra
1851 2024 1944 2112 velit,

444 2140 483 2199 ut
501 2153 601 2219 quem
619 2130 771 2197 laborum
790 2151 927 2196 suorum
946 2128 1133 2195 subsidium
1150 2128 1275 2194 habere
1293 2129 1445 2214 debebat,
1463 2152 1553 2196 nunc
1571 2138 1733 2217 tanquam
1755 2131 1943 2218 praemium

445 2238 567 2307 babeat
590 2260 733 2325 cumque
755 2235 932 2303 vacatione
954 2237 1102 2302 muneris
1125 2235 1179 2301 sui
1202 2235 1360 2322 obtineat,
1383 2237 1485 2303 etiam
1508 2245 1609 2324 atque
1632 2238 1733 2304 etiam
1756 2246 1844 2326 peto.
1869 2239 1944 2317 Qua

445 2368 483 2413 re
513 2355 551 2413 ut
580 2344 666 2412 nihil
688 2343 891 2431 benignitati
914 2366 994 2410 suae
1017 2344 1271 2410 convenientius
1294 2345 1409 2410 Dl-ma
1431 2344 1471 2411 D.
1495 2345 1617 2411 Vestra
1638 2346 1765 2427 fecerit,
1788 2346 1836 2412 ita
1858 2344 1944 2411 nihil

445 2454 530 2521 mihi
561 2452 664 2520 etiam
695 2452 825 2540 gratius
858 2451 1008 2517 accidere
1031 2450 1163 2537 poterit.
1193 2451 1290 2530 Quod
1321 2453 1488 2539 reliquum
1511 2460 1571 2536 est,
1593 2452 1725 2518 Ill-mae
1743 2453 1783 2518 D.
1802 2452 1945 2518 Vestrae

446 2559 558 2628 studia
581 2558 763 2646 officiaque
785 2581 861 2624 mea
884 2557 1081 2624 commendo
1105 2558 1202 2644 eique
1225 2558 1338 2623 omnia
1360 2559 1472 2626 fausta
1495 2583 1534 2626 ao
1555 2559 1669 2626 felicia
1691 2581 1818 2647 precor.

552 2665 725 2733 Varsovia
749 2664 813 2731 Die
836 2652 960 2730 XXVI
982 2663 1107 2730 mensis
1130 2664 1286 2731 Januarii
1308 2687 1397 2732 anno
1421 2666 1632 2732 MDLXXX
1655 2666 1781 2754 quintu.

552 2773 740 2839 Ill-mae
772 2779 814 2838 et
836 2772 995 2838 R·mae
1026 2771 1066 2836 D.
1099 2771 1294 2837 Vestrae
1326 2772 1497 2839 affinis
1521 2781 1564 2839 et
1587 2774 1795 2840 servitor
1818 2774 1943 2839 Ioan-

446 2905 524 2948 nes
547 2880 782 2948 Zamoiski
806 2878 1121 2946 cancellarius
1145 2887 1188 2944 et
1211 2880 1451 2965 generalis
1475 2880 1750 2969 capitaneus
1775 2903 1823 2946 ss.

450 3239 547 3311 ura
594 3237 762 3309 nutrium
783 3239 886 3327 tarra,
911 3238 1026 3325 ttatup
1051 3237 1213 3324 sttatatt,
1238 3237 1279 3309 to
1303 3237 1538 3327 laurentiana
1624 3237 1716 3323 Kies',
1740 3242 1784 3307 30
1806 3239 1824 3304 Ι
1850 3240 1942 3305 1585.

446 3438 559 3502 Poleca
572 3436 766 3519 Kraysztosc
785 3436 953 3518 Rychtera,
971 3437 1062 3518 kto'ry
1078 3436 1269 3517 straciwssy
1288 3437 1464 3517 majgtnot‘c
1479 3457 1524 3498 na
1537 3436 1716 3517 poseugach
1735 3435 1791 3499 dlc
1811 3434 1945 3519 Rrpltcy‘,

447 3545 546 3626 adaja
561 3544 609 3626 sig
627 3564 672 3607 na
689 3543 777 3625 sejm,
796 3545 858 3624 aby
870 3543 1013 3626 prosico
1031 3543 1121 3625 last(
1142 3541 1242 3616 kro'la,
1262 3539 1437 3626 ...«jak0by
1460 3562 1505 3605 on
1528 3539 1571 3605 do
1594 3539 1792 3624 mathnos‘ci
1817 3540 1946 3625 swojej,

811 3647 909 3731 ktdra
932 3647 1111 3713 niewinnie
1133 3646 1264 3732 utraoii,
1287 3649 1409 3734 przyso'
1431 3646 1574 3733 mdgi»...

556 3844 631 3897 Bibl.
660 3842 728 3897 Ord.
752 3843 830 3896 Zam.
843 3842 884 3913 pl.
903 3855 944 3908 55
962 3859 1000 3896 nr
1016 3856 1040 3896 2.
1063 3843 1143 3910 0173.
1163 3844 1331 3913 zpodpiscm
1351 3843 1589 3911 wlasnorfcanym,
1613 3844 1785 3911 makodzonq
1800 3846 1946 3914 pieczqtkq

449 3938 461 3988 i
478 3935 600 3988 adrcsem
619 3951 657 3988 na
676 3937 821 3987 odwrocr'e:
848 3932 877 3988 J.
896 3933 1035 3987 W·nemu
1054 3950 1072 3986 a
1090 3934 1167 3988 mnie
1186 3933 1353 3988 M-oiwemu
1372 3934 1473 4004 panui
1492 3933 1665 4003 szwagrowi
1682 3934 1711 3989 J.
1731 3934 1787 3987 Mai
1807 3933 1944 4003 panuJa·

452 4024 529 4079 nowi
548 4023 772 4092 Zumoiskiemu,
792 4023 984 4078 kanoleraowi
1003 4023 1013 4076 i
1031 4021 1212 4078 hetmanowi
1230 4024 1419 4079 koronnemu.

449 4364 547 4436 1079.
590 4364 683 4452 any
708 4363 873 4450 Ὲηιοηι,
897 4362 1142 4434 administrator
1166 4363 1246 4434 Prua
1270 4363 1385 4450 trist,
1409 4363 1449 4434 to
1474 4362 1709 4451 zauryattaua

1407 4470 1605 4555 Krdlcwieo,
1623 4472 1784 4554 511126
1808 4471 1825 4535 Ι
1852 4473 1945 4538 1585.

458 4652 619 4718 Wstawic
641 4650 689 4734 sie
709 4672 751 4715 aa
774 4649 897 4723 Junem
920 4650 1164 4715 Auerswaldem
1188 4672 1220 4713 w
1233 4652 1311 4733 jrgo
1332 4652 1473 4733 sprawie
1493 4653 1638 4734 sadowq‘
1656 4672 1693 4715 ae
1714 4651 1946 4715 Stanislawem

1135 4757 1268 4839 Kostka.

555 4935 675 4989 Pruskic
696 4934 779 4988 Arch.
803 4934 926 4988 Paristw.
954 4951 980 4987 aa
1006 4934 1157 4996 Krdlerocu,
1187 4934 1318 5002 Herrogl.
1347 4934 1549 5004 Bn'cfircchsel,
1577 4935 1713 5005 Konchtc
1740 4937 1806 4996 Ba·
1829 4935 1949 5004 Konccpt

450 5026 615 5094 zlicanymi
636 5025 825 5097 poprawkami
849 5027 861 5076 i
879 5025 1132 5096 prackrcs‘tcniami,
1158 5040 1225 5077 oras
1251 5026 1395 5096 dopiskicm
1421 5041 1440 5077 u
1465 5023 1544 5078 datu:
1570 5026 1616 5078 An
1635 5024 1692 5079 den
1710 5024 1825 5079 Horren
1844 5023 1947 5080 Gross·
