4775 6225
499 744 556 803 840

606 906 808 973 Laurentina
840 906 1025 995 Goslioaky
1055 907 1232 997 episcopua
1269 908 1533 996 Oameneoenais,
1573 910 1734 996 Andraey
1766 909 1998 999 Tenczynslry

501 1013 688 1099 woiewoda
710 1014 904 1081 krakowski
923 1038 1007 1104 ppa,
1021 1015 1209 1084 Stanislaua
1222 1016 1429 1084 Zollriewski
1450 1017 1636 1103 woiewoda
1649 1018 1744 1084 ruaki
1756 1019 1886 1104 wlaan
1903 1020 1997 1105 raka,

499 1122 569 1189 Jan
592 1122 694 1190 Tarlo
716 1122 902 1209 woiewoda
923 1123 1077 1211 lubelski‚
1108 1123 1290 1192 Stanislaw
1312 1150 1332 1191 a
1356 1126 1520 1193 Tarnowa
1552 1126 1726 1193 kusztelan
1757 1128 1995 1214 sandomirelri,

498 1230 569 1297 Jan
591 1230 822 1318 Mysakowski
853 1254 873 1295 a
895 1230 1092 1318 Mysakowa
1122 1231 1296 1300 kaaztslan
1327 1233 1526 1319 amoveri,
1558 1233 1746 1321 Sebeatyan
1777 1235 1995 1322 Bozezynski

498 1337 678 1404 canonicus
702 1337 926 1405 cracoviensis
948 1339 1130 1427 deputata
1152 1339 1300 1427 capitulo
1322 1340 1538 1426 cracoviensi,
1568 1341 1666 1408 Piotr
1698 1342 1911 1408 Oracaewski
1936 1343 1994 1409 de-

499 1452 597 1533 putat
632 1444 840 1531 lrrakowski‚
871 1446 983 1513 Adam
1013 1446 1235 1513 Baranowski
1267 1448 1409 1536 deputat
1438 1447 1691 1533 wojewddatwa
1728 1450 1994 1538 poznadakiego‚

498 1552 648 1639 Andnsj
686 1553 858 1621 Lasaotha
887 1554 1019 1641 lowcay
1041 1553 1193 1640 lubelski,
1226 1555 1368 1642 deputat
1402 1555 1657 1642 woiewddztwa
1693 1557 1995 1645 sendomimkiego,

498 1638 734 1744 dwiethoslaw
756 1661 909 1728 Orzelski
940 1660 1054 1748 sedaie
1075 1660 1216 1728 ziemski
1238 1662 1361 1728 kaliski
1384 1662 1396 1728 i
1419 1663 1560 1751 deputat
1590 1663 1672 1749 reka
1694 1686 1778 1749 swa,
1811 1664 1993 1732 Stanialaw

498 1768 672 1855 Zapolslry
694 1769 835 1856 deputat
856 1768 1108 1855 wojewddatwa
1130 1768 1430 1856 sendomirskiego,
1461 1770 1614 1859 Mikolay
1631 1755 1838 1838 Zdlkiewski
1860 1772 1994 1860 podko·

497 1895 617 1962 morry
639 1875 801 1961 lwowaki,
824 1876 964 1964 deputet
976 1875 1229 1962 wojewddztwa
1250 1876 1419 1963 ruakiego,
1434 1876 1615 1944 Stenisiaw
1627 1878 1834 1965 Ryskowaki
1850 1880 1994 1968 deputat

497 1983 752 2070 woiewodatwa
778 1983 1069 2071 lubeoaowskiego
1091 1982 1178 2074 Isia),
1209 1983 1370 2050 Albertus
1403 1983 1597 2073 Sieklioaky
1638 1986 1778 2074 deputat
1808 1987 1990 2075 palatinati

498 2090 712 2176 Podlaohiae,
733 2094 753 2159 J
756 2113 800 2156 an
818 2090 987 2176 Gajewski
1005 2090 1118 2177 cedma
1135 2091 1148 2155 i
1166 2091 1307 2179 deputat
1325 2091 1521 2179 poanartslri,
1534 2092 1687 2181 Mikolay
1704 2093 1832 2178 Laozki
1849 2094 1994 2183 deputat

500 2195 751 2283 wojewddatwa
772 2196 1034 2287 poznartslriego,
1056 2196 1238 2265 Stanislaw
1259 2198 1480 2284 Pogoraelski
1502 2208 1698 2287 surrogator
1719 2200 1851 2269 kalmki

500 2558 553 2629 12.
579 2555 736 2644 Pauperi
757 2554 993 2645 lamentian·
1016 2556 1070 2626 dia
1093 2555 1251 2627 toattata
1274 2574 1293 2626 1
1317 2555 1416 2643 sapor
1545 2557 1705 2644 Krakow,
1731 2560 1771 2627 18
1794 2558 1868 2626 XII
1894 2563 1992 2630 1587.

499 2770 715 2858 Gwarantuje
734 2773 887 2857 spohojnq
904 2773 1026 2856 podrda
1047 2773 1089 2838 do
1109 2774 1208 2839 obora
1230 2795 1295 2840 arc.
1318 2773 1580 2857 Maksymiliana
1612 2774 1628 2839 i
1656 2773 1840 2860 beapiecany
1855 2776 1992 2861 powro't

603 2981 628 3022 1.
642 2967 725 3023 Arch.
745 2967 943 3036 Waakaasm,
957 2965 1020 3021 Pol.
1034 2968 1079 3031 28,
1086 2966 1116 3037 s.
1130 2979 1196 3034 104.
1214 2965 1296 3036 Oryg.
1306 2984 1322 3021 a
1331 2966 1560 3037 atamorgcsnyn
1570 2969 1710 3038 podpisaem
1719 2970 1733 3021 i
1738 2970 1884 3039 psmqtkq
1897 2984 1992 3037 sygna-

495 3059 576 3128 tovq.
613 3069 638 3112 2.
657 3057 733 3112 But.
755 3056 823 3113 Ord.
842 3055 1026 3113 Kraslatska'clt
1044 3073 1070 3109 w
1093 3055 1271 3121 Warssawa.
1290 3056 1348 3129 γὲ).
1367 3056 1541 3126 4551(Tclei
1560 3057 1941 3130 macra)‚topa’aaXIX
1954 3075 1988 3113 a.

601 3235 752 3302 Joannes
776 3236 818 3302 de
841 3235 1016 3303 Zamosoie
1038 3235 1136 3322 regni
1158 3235 1319 3301 Poloniae
1341 3246 1395 3302 etc.
1417 3234 1595 3303 Universis
1618 3243 1653 3302 et
1680 3235 1824 3324 singulis
1842 3236 1885 3303 ad
1904 3258 1991 3323 quos

495 3351 688 3431 praesentes
707 3341 771 3409 hae
789 3343 1013 3430 pervenerint,
1028 3343 1180 3427 salutem,
1194 3342 1314 3426 studia,
1329 3342 1511 3429 officiaque
1529 3365 1590 3409 sua
1617 3343 1736 3410 defert
1764 3343 1990 3411 Proficiscen-

382 3460 385 3466 '
495 3451 575 3516 dum
600 3450 663 3516 sibi
686 3473 747 3537 per
769 3449 858 3515 fines
877 3450 975 3537 regni
993 3450 1102 3534 huius,
1120 3449 1386 3536 nominatimque
1405 3450 1448 3514 ad
1467 3473 1629 3516 ser-mum
1647 3450 1861 3517 archiducem
1880 3452 1986 3517 Mari·

494 3557 667 3623 milianum
691 3558 903 3643 negotiorum
927 3558 1136 3643 quorundam
1169 3557 1233 3622 sibi
1265 3556 1529 3622 incumbentium
1562 3579 1662 3622 causa
1690 3557 1838 3623 eundum
1870 3559 1990 3624 statuit

494 3664 793 3731 reverendissimus
830 3664 985 3730 dominus
1018 3664 1164 3730 Hanibal
1197 3664 1239 3729 de
1271 3663 1387 3750 Capua
1423 3663 1694 3750 archiepiscopus
1731 3664 1983 3751 Neapolitanus,

495 3768 705 3836 Sanctissimi
737 3771 778 3837 D.
802 3770 918 3836 Nostri
941 3771 1087 3836 nuntius.
1121 3769 1184 3836 Oui
1207 3770 1271 3835 etsi
1294 3769 1330 3835 in
1353 3792 1413 3835 sua
1436 3770 1602 3855 dignitate
1634 3770 1773 3857 ipsaque
1805 3771 1986 3856 legationis

493 3877 689 3965 pontificale
712 3878 911 3944 auctoritate
933 3878 1015 3943 satis
1039 3877 1198 3964 praesidii
1222 3885 1322 3963 atque
1345 3878 1645 3943 commendationis
1677 3900 1749 3942 osse
1768 3879 1898 3961 scirem,
1922 3902 1988 3965 ego

493 3991 606 4049 tamen
643 3984 855 4071 peculiariter
891 3984 992 4050 etiam
1028 3985 1134 4050 literis
1172 3984 1264 4049 hisce
1300 3985 1486 4049 cavendum
1524 3984 1556 4049 ei
1587 3985 1713 4071 putavi
1752 3984 1879 4064 Quibus
1908 3994 1988 4072 peto

493 4092 535 4158 ab
559 4092 713 4158 omnibus
747 4100 780 4157 et
803 4092 956 4178 singulis,
988 4092 1150 4158 militibus
1183 4114 1263 4157 vero
1296 4092 1425 4156 ratione
1457 4092 1675 4177 magistratus
1708 4093 1774 4158 mei
1807 4092 1989 4179 diligenter

493 4198 594 4264 etiam
626 4200 759 4280 mando,
800 4207 838 4264 ut
870 4200 1013 4265 eundem
1045 4199 1363 4265 reverendissimum
1394 4199 1551 4263 nuntium
1583 4221 1660 4264 cum
1693 4199 1784 4265 omni
1817 4199 1989 4285 comitatu,

492 4305 621 4371 familia
645 4330 683 4372 ac
706 4306 805 4372 rebus
829 4307 908 4391 snio,
932 4328 1009 4371 cum
1032 4314 1176 4390 euntem,
1209 4315 1282 4370 tum
1313 4305 1519 4390 redeuntem,
1551 4313 1625 4370 tuto
1653 4328 1692 4371 ac
1716 4305 1819 4371 libere
1841 4305 1988 4372 transire

493 4435 620 4501 proque
644 4415 819 4480 commodo
843 4414 922 4498 eius,
947 4414 1066 4500 quibus
1090 4414 1126 4478 in
1148 4413 1231 4479 locis
1255 4413 1285 4478 ei
1308 4413 1488 4495 videbitur,
1510 4414 1635 4478 morari
1658 4413 1778 4477 sinant.
1804 4413 1988 4479 Oracoviae

492 4520 547 4587 die
564 4521 720 4586 XVlHo
739 4521 863 4586 mensis
879 4520 1063 4587 decembris
1083 4542 1171 4585 anno
1189 4520 1327 4586 Domini
1341 4521 1664 4586 MDLXXXVH-O.
1678 4521 1702 4586 J
1712 4543 1731 4586 ο
1742 4543 1794 4585 an
1817 4521 1919 4585 Zam
1930 4521 1986 4587 oi-

492 4627 565 4692 ski
587 4632 616 4695 R
639 4629 667 4693 P
692 4629 878 4695 cancell
903 4637 946 4694 et
968 4628 1206 4714 generalis
1231 4650 1318 4714 cap.
1343 4632 1456 4709 ass't

600 4844 619 4909 ¹)
637 4841 764 4895 Annibal
779 4859 795 4893 a
814 4842 916 4911 Kopai,
936 4842 1070 4912 nunquan
1085 4841 1241 4911 apostolslei,
1251 4841 1379 4911 pragnql
1391 4841 1466 4894 udal
1475 4844 1516 4908 εἰς
1528 4844 1563 4895 do
1577 4841 1663 4895 oboau
1677 4857 1735 4894 arc.
1750 4840 1985 4908 Maksyma'liana,

491 4931 544 4998 uby
562 4931 789 5000 aapos‘rcdm'czyl
810 4933 895 4998 ugodf
925 4932 1062 5001 pomiqdzy
1087 4932 1138 4985 obu
1163 4932 1339 5000 walczqcymi
1362 4935 1500 4984 strenami
1526 4936 1545 4984 t.
1557 4930 1583 5001 j.
1603 4931 1813 4983 awolennikami
1833 4931 1986 4998 Zygmunta

494 5022 506 5071 ι’
519 5019 749 5087 Maksymiliana.
768 5021 971 5088 Maksymilian
980 5019 1139 5090 pracbywal
1150 5021 1282 5074 walacras
1294 5037 1320 5073 w
1333 5021 1501 5090 Kracpicach
1520 5021 1579 5072 uad
1589 5023 1709 5089 granica
1723 5018 1826 5089 tlaskq.
1844 5017 1988 5087 Sacacgo'ly

492 5126 507 5163 0
526 5112 578 5177 tyna
599 5098 758 5178 in‘cydcncic,
784 5116 892 5182 areaatq
911 5110 1061 5182 micjscami
1079 5111 1180 5180 bledae,
1200 5109 1245 5165 ob.
1265 5110 1378 5179 Nanke,
1397 5110 1419 5162 Z
1439 5109 1563 5184 daiejdw
1582 5109 1707 5185 polityki
1725 5109 1800 5163 knrii
1817 5109 1986 5185 nymskiej,
