4775 6225
496 749 549 823 rio

494 926 594 1014 tione,
614 949 714 1015 quam
732 925 857 1015 publici
876 925 965 1012 boni,
984 924 1077 993 ouius
1095 924 1193 993 nobis
1212 924 1393 1014 praecipua
1411 948 1491 993 cura
1510 933 1569 1012 ast,
1588 925 1700 993 studio
1724 924 1826 1011 ducti,
1849 925 1892 992 ad
1914 948 1986 993 ram

493 1034 581 1101 hano
605 1035 754 1101 animum
777 1033 1012 1119 adiiciendum,
1035 1056 1074 1100 ac
1097 1056 1144 1119 aa,
1179 1056 1263 1121 quae
1287 1057 1323 1099 se
1346 1033 1451 1101 offert
1473 1034 1648 1101 occasione
1670 1034 1820 1121 ipsorum
1843 1033 1987 1100 fratrum

493 1150 686 1209 nostrorum
705 1164 840 1209 oausam
853 1146 876 1224 1)
897 1140 996 1228 regni
1018 1141 1115 1207 istius
1138 1142 1299 1208 Poloniae
1321 1142 1504 1229 magnique
1526 1142 1666 1208 ducatus
1685 1141 1886 1207 Lithuaniaa
1909 1163 1987 1229 pro·

494 1250 625 1316 ceribus
649 1250 835 1337 caterisque
858 1248 1031 1315 ordinibus
1055 1257 1090 1314 et
1112 1249 1254 1315 statibus
1278 1249 1578 1316 commendandam
1601 1250 1765 1316 duximus.

601 1356 687 1423 (lum
718 1357 824 1444 igitur
855 1364 1064 1444 compertum
1096 1356 1287 1441 habeamus,
1316 1379 1401 1444 quae
1433 1357 1478 1423 sit
1500 1366 1622 1441 vestra,
1646 1357 1688 1424 ob
1712 1357 1898 1444 insignium
1921 1356 1985 1421 vir-

493 1472 605 1531 tutum
637 1464 756 1531 merita
789 1464 878 1551 apud
910 1462 1087 1551 plerosque
1118 1464 1232 1550 Regni
1264 1463 1353 1530 illius
1385 1486 1540 1551 proceres
1563 1472 1597 1529 et
1619 1472 1727 1530 status
1750 1464 1930 1531 auctoritas
1954 1472 1988 1528 et

493 1572 613 1660 gratia,
644 1595 684 1638 ac
716 1579 878 1659 quantum
910 1570 1069 1658 prudenti
1100 1579 1214 1638 vestro
1247 1572 1386 1639 consilio
1414 1571 1539 1638 deferri
1562 1580 1662 1659 atque
1684 1571 1788 1637 tribui
1811 1572 1925 1654 soleat,
1948 1593 1987 1635 cc

493 1680 635 1767 proinde
657 1680 693 1745 in
715 1680 842 1765 favore,
865 1700 967 1766 opera
990 1686 1024 1744 et
1047 1678 1158 1745 studio
1181 1688 1305 1764 vestro,
1327 1679 1510 1767 plurimum
1533 1680 1576 1745 ad
1599 1702 1671 1745 rem
1693 1679 1779 1746 bene
1801 1679 1987 1765 gerendam

492 1787 654 1854 momenti
671 1787 820 1875 positum
838 1786 913 1853 fore
929 1807 999 1851 non
1018 1785 1217 1870 dubitemus,
1240 1786 1506 1873 praetermittere
1529 1786 1706 1870 noluimus,
1730 1785 1812 1873 quin
1834 1794 1985 1852 nostram

492 1895 588 1963 vobis
619 1904 768 1962 mentam
799 1902 834 1960 ct
865 1892 1068 1960 desiderium
1100 1893 1235 1960 uberius
1268 1895 1438 1981 aliquanto
1472 1894 1724 1961 declararemus.
1747 1894 1884 1960 Etenim
1908 1915 1984 1959 cum

492 2023 635 2070 ser-mus
667 2003 830 2069 Ernestus
843 2004 875 2087 ²),
907 2000 1070 2067 archidux
1101 2000 1260 2067 Austriae
1287 2010 1349 2069 etc.
1381 2001 1470 2067 inter
1492 2002 1682 2090 praedictos
1706 2003 1829 2068 iratres
1852 2011 1986 2069 nostros

492 2110 716 2195 charissimos,
738 2119 821 2177 natu
843 2110 1019 2196 maximus,
1042 2131 1082 2176 ac
1104 2110 1132 2175 is
1156 2109 1210 2194 sit,
1233 2109 1327 2176 cuius
1350 2111 1393 2176 ad
1416 2132 1559 2193 regnum
1583 2110 1742 2176 Poloniae
1765 2108 1986 2197 promovendi

491 2219 608 2285 divum
640 2218 721 2286 clim
751 2218 988 2306 imperatorem
1020 2217 1285 2284 Maximilianum
1298 2220 1321 2299 ³)
1346 2218 1464 2284 dnum
1487 2217 1676 2304 genitorem
1698 2226 1852 2284 nostrum
1875 2218 1985 2283 colen·

492 2327 667 2394 dissimum
699 2334 862 2413 augustae
893 2325 1073 2392 memoriae
1101 2325 1316 2412 praecipuam
1348 2326 1491 2392 antehac
1522 2325 1559 2391 in
1585 2333 1727 2412 utraque
1750 2325 1911 2391 electione
1935 2347 1984 2389 re·

491 2434 549 2521 gia
566 2456 680 2500 curam
699 2434 885 2521 suscepisse
903 2432 1125 2517 meminimus,
1144 2454 1207 2499 nos
1225 2432 1261 2497 in
1279 2432 1367 2498 hano
1385 2433 1539 2500 venimus
1559 2432 1768 2516 seutentiam,
1787 2441 1825 2498 ut
1843 2431 1985 2497 eandem

491 2541 689 2629 amplissimi
707 2540 821 2627 Regni
840 2540 1014 2608 ordinibus
1037 2548 1072 2605 et
1094 2540 1247 2625 statibus,
1270 2548 1419 2607 attamen
1442 2540 1542 2607 simul
1565 2563 1642 2607 cum
1665 2540 1893 2607 dominatione
1916 2561 1985 2624 sna,

492 2657 639 2715 caeteros
671 2648 774 2713 etiam
805 2647 928 2713 fratres
951 2654 1094 2732 nostros,
1117 2670 1156 2713 ea
1179 2646 1309 2713 ratione
1331 2669 1519 2735 proponere
1542 2648 1693 2731 velimus,
1717 2655 1755 2713 ut
1776 2648 1888 2735 ipsum
1912 2647 1984 2733 qui·

491 2756 568 2820 dem
601 2776 761 2821 sor-mum
793 2754 1008 2820 archiducem
1039 2754 1221 2821 Ernestum
1244 2776 1306 2821 nos
1329 2754 1508 2842 praecipue
1531 2755 1574 2820 ad
1597 2754 1726 2841 regiam
1750 2754 1850 2820 istam
1874 2753 1983 2840 digni-

490 2870 595 2929 tatem
628 2870 819 2949 promotum
851 2884 982 2949 cupere,
1014 2862 1107 2948 atqui
1139 2884 1178 2929 eo
1211 2884 1291 2928 casu
1315 2885 1380 2949 quo
1404 2862 1560 2929 ordinum
1583 2871 1618 2929 et
1640 2870 1789 2928 statuum
1813 2861 1925 2927 studia
1947 2869 1982 2926 et

490 2970 683 3037 voluntates
716 2969 758 3034 ad
792 2970 989 3035 alterutrum
1016 2992 1058 3035 ex
1080 2969 1200 3034 ceteris
1223 2969 1353 3036 duobus
1376 2969 1537 3036 fratribus
1560 2969 1685 3035 nostris
1708 2968 1818 3055 magis
1841 2991 1983 3055 propen-

492 3078 596 3146 deant
618 3084 719 3165 atque
741 3075 913 3162 inclinent,
945 3100 982 3144 se
1004 3076 1040 3143 in
1063 3099 1102 3144 eo
1126 3098 1258 3165 quoque
1281 3077 1437 3165 eligendo
1459 3100 1531 3146 ram
1554 3078 1652 3145 nobis
1676 3098 1887 3166 summopere
1909 3098 1985 3164 gra·

490 3193 561 3252 tam
583 3186 733 3252 facturos
756 3207 831 3251 esse
853 3185 1053 3272 intelligant

598 3291 700 3358 Cuius
724 3292 833 3359 nostri
855 3292 987 3359 consilii
1009 3291 1183 3377 rationem,
1207 3291 1258 3358 uti
1279 3292 1376 3359 vobis
1399 3315 1461 3380 pro
1485 3293 1649 3380 singulari
1671 3315 1710 3359 ea
1733 3293 1859 3359 fiducia
1882 3315 1984 3379 quarn

489 3401 532 3467 de
549 3401 675 3466 virtuts
692 3398 823 3485 Vestra,
842 3423 881 3466 ac
899 3412 971 3466 tum
990 3422 1052 3487 pro
1075 3399 1110 3464 in
1133 3400 1278 3486 patriam
1302 3410 1336 3465 et
1358 3400 1598 3487 rempublicam
1622 3400 1693 3466 zelo
1712 3409 1746 3465 et
1764 3423 1886 3485 amore,
1909 3408 1983 3465 tum

490 3509 526 3573 in
557 3531 619 3574 nos
652 3531 691 3574 ac
723 3508 873 3573 inclitam
900 3515 1051 3573 nostram
1084 3507 1221 3572 domum
1243 3508 1402 3595 propensi
1426 3507 1529 3572 animi
1553 3507 1735 3574 affectione
1758 3509 1983 3594 concepimus,

489 3615 619 3702 aperire
651 3615 825 3682 voluimus.
858 3615 911 3679 Ita
942 3614 1039 3680 nobis
1072 3615 1209 3680 omnino
1233 3615 1437 3701 pollicemur,
1470 3615 1540 3680 Vos
1568 3614 1646 3678 huic
1669 3622 1785 3680 nostro
1809 3614 1984 3697 desiderio,

489 3722 611 3789 Vestro
635 3723 813 3810 suffragio,
837 3744 939 3809 opera
962 3730 996 3786 et
1019 3723 1226 3807 auctoritate,
1250 3744 1335 3808 qnae
1357 3744 1488 3788 summa
1511 3731 1571 3804 est,
1594 3723 1742 3789 iuvando
1766 3733 1800 3788 et
1823 3723 1866 3789 sd
1889 3733 1983 3810 opta·

489 3839 561 3897 tum
585 3831 747 3896 effectum
767 3830 971 3912 deducendo,
990 3829 1080 3895 haud
1103 3851 1175 3894 esse
1199 3829 1382 3895 defuturos.
1406 3831 1476 3896 Nos
1499 3852 1589 3914 vero,
1612 3853 1679 3895 una
1698 3853 1775 3896 cum
1794 3831 1899 3895 fratre
1921 3851 1982 3895 no-

490 3946 560 4003 stro
581 3960 678 4023 quem
697 3938 818 4023 Regno
837 3937 939 4023 potiri
963 3937 1145 4022 continget,
1169 3936 1362 4003 officiorum
1385 3936 1448 4002 hac
1467 3937 1502 4001 iu
1521 3945 1617 4024 parte
1636 3936 1881 4024 praestitorum,
1905 3958 1982 4003 cum

489 4043 570 4109 alias
605 4066 737 4130 quoque
768 4044 842 4110 loco
874 4051 908 4108 et
940 4051 1099 4131 tempore,
1132 4045 1329 4109 tumetium
1352 4043 1388 4108 in
1411 4043 1474 4128 his,
1498 4066 1583 4129 quae
1606 4044 1648 4109 ad
1665 4045 1822 4109 Vestram
1843 4045 1978 4109 Vestro·

490 4171 632 4235 rumque
651 4150 852 4236 dignitatem
873 4158 1106 4216 ornamentum
1130 4157 1164 4214 et
1188 4151 1362 4216 commoda
1385 4151 1610 4237 pertinebunt,
1633 4160 1702 4217 tam
1726 4151 1908 4237 benignam
1931 4173 1982 4216 ra-

488 4257 615 4322 tionem
638 4256 785 4323 habituri
808 4280 932 4342 sumus,
955 4266 993 4322 ut
1016 4258 1058 4324 de
1080 4258 1289 4344 principibus
1312 4281 1382 4324 non
1405 4259 1548 4344 ingratis
1571 4260 1641 4325 Vos
1665 4260 1886 4325 benemeritos
1910 4282 1984 4324 esse

487 4365 622 4452 reipsa
654 4387 856 4452 cognoscere
889 4366 1025 4453 possitis
1058 4365 1206 4452 adeoque
1229 4367 1356 4432 nullam
1379 4366 1484 4433 Vobis
1508 4367 1702 4454 paenitendi
1726 4390 1861 4433 causam
1884 4367 1983 4432 relin-

490 4494 638 4559 quamus.
673 4472 769 4552 Quod
793 4496 894 4560 super
917 4481 968 4538 est
991 4472 1060 4538 Vos
1085 4480 1175 4538 recte
1198 4473 1408 4560 feliciterque
1431 4475 1544 4540 valere
1567 4484 1731 4561 optamus.
1755 4475 1882 4540 Datum
1905 4475 1984 4539 Pra-

487 4602 551 4667 gae
575 4580 629 4645 die
655 4582 725 4648 14ῑει
747 4581 829 4646 Maii
855 4583 939 4649 1587
952 4584 985 4662 ⁴).

595 4869 615 4933 ¹)
633 4865 730 4918 Moira
755 4871 787 4918 tu
812 4881 828 4918 0
853 4866 984 4919 brariaci
1009 4868 1161 4920 cesarskiclt
1187 4868 1326 4929 Erncr'cic,
1352 4867 1479 4939 Macicju
1505 4872 1517 4920 i
1539 4868 1776 4936 Maksymilianic,
1795 4871 1888 4935 ktotry
1906 4885 1983 4921 arraz

486 4970 502 5005 z
522 4953 726 5021 Ferdynandem
745 4954 885 5022 tyrclskz'm
904 4955 1042 5021 aabz'egali
1060 4973 1075 5009 0
1093 4957 1193 5023 koronf
1211 4973 1249 5008 na
1267 4956 1362 5026 clckcji
1379 4959 1455 5022 1587
1474 4975 1497 5009 r.

594 5045 615 5111 ²)
633 5043 696 5097 Arc.
721 5044 826 5096 Erncst
847 5044 1005 5116 najstarszy
1025 5063 1040 5099 z
1062 5045 1142 5100 braci
1159 5045 1312 5102 cesarskich
1330 5046 1427 5100 staral
1442 5050 1482 5119 sip
1499 5063 1515 5099 ο
1533 5048 1633 5118 korong
1651 5063 1689 5099 na
1708 5047 1802 5101 dwc‘clr
1815 5048 1982 5120 piemcszyclr

486 5131 619 5203 clekcjach
631 5133 885 5205 pojagicllcrtskiclt.
