4775 6225
1863 704 1914 774 12'1

529 876 771 946 ⁸)Maksymilian
796 877 838 940 II,
865 878 958 931 amari
982 891 1014 930 12
1034 877 1061 931 X
1081 878 1165 943 1576,
1183 880 1255 948 sake
1273 879 1499 949 wspa'lzawodm'k
1527 880 1671 948 Batorego‚
1691 879 1735 949 byl
1751 880 1856 934 elcklem
1875 896 1915 934 sc·

412 970 549 1021 naturate
567 986 605 1022 na
623 974 687 1021 tran
700 970 793 1039 polrki
809 986 835 1021 w
853 987 876 1021 r.
897 981 981 1034 1575.

528 1061 550 1127 ⁴)
573 1059 655 1126 Tegei
669 1075 775 1126 sarnago
789 1063 858 1112 dnia
878 1059 991 1112 zwro'cil
1006 1062 1047 1126 ris
1064 1073 1157 1114 cesara
1176 1060 1287 1129 Rudols
1304 1061 1341 1114 II
1355 1062 1390 1114 do
1407 1062 1570 1115 lasaiclana
1583 1061 1759 1131 podlaskicgo
1777 1062 1915 1115 Marcino

413 1148 665 1223 Lciniowolskiego
690 1147 786 1216 (Arch.
813 1148 918 1213 Domu,
944 1148 1053 1202 Dworu
1072 1148 1081 1200 i
1099 1144 1241 1203 Paristwa
1259 1168 1287 1204 w
1307 1149 1450 1217 Wiedniu,
1469 1150 1617 1219 Polonica)
1641 1152 1781 1219 apronia,
1801 1152 1851 1218 uby
1864 1159 1916 1221 po·

413 1243 522 1304 wyaszy
541 1238 591 1290 list
609 1254 722 1291 casaria
735 1242 770 1291 do
785 1239 980 1305 Zamoyskiego‚
1000 1244 1087 1291 lemut
1102 1239 1194 1300 oddal,
1210 1244 1222 1291 i
1234 1241 1347 1309 zjcdnal
1361 1257 1403 1306 go,
1415 1241 1485 1310 jako
1503 1256 1589 1306 noega
1602 1241 1772 1310 prayjacicla
1786 1239 1916 1309 polityca·

414 1344 485 1395 nego
506 1328 638 1395 („intima
655 1328 864 1384 familiaritas“.
884 1327 1138 1399 „propinquitas“),
1156 1330 1206 1383 Δία
1224 1333 1305 1383 domu
1323 1331 1532 1397 centriackicgo.
1554 1330 1613 1392 Jak
1630 1333 1737 1398 wynika
1756 1348 1771 1382 a
1790 1331 1858 1384 lisia
1876 1347 1916 1384 cc·

414 1420 561 1485 sarskiego
578 1422 614 1472 do
631 1414 916 1484 Lainiowolskiego.'o
926 1419 992 1488 jago
1010 1419 1128 1486 clftnym
1147 1420 1335 1489 asposobicna'a
1354 1420 1440 1473 roobec
1461 1422 1652 1487 kandidalury
1670 1421 1853 1491 austriackicj
1869 1421 1916 1473 do-

416 1508 496 1561 nic'sl
519 1510 555 1562 do
579 1509 672 1574 Pragi
695 1510 829 1578 nunquan
848 1508 975 1561 Annibal
995 1525 1010 1559 z
1034 1509 1129 1578 Kapui
1146 1513 1159 1562 i
1176 1526 1211 1562 on
1230 1515 1257 1563 lo
1270 1510 1413 1580 podsunql
1429 1510 1503 1577 mysi,
1521 1510 1573 1577 aly
1591 1509 1834 1576 Les‘niowolskicgo
1852 1509 1920 1577 utyl

415 1600 453 1651 do
472 1600 604 1670 mediaq'i
621 1616 636 1651 a
654 1599 832 1666 Zamoyskim.

529 1688 683 1742 Niebawcm
697 1702 732 1755 24
754 1688 781 1749 V,
797 1689 943 1758 roapocaql
954 1705 1047 1741 cesara
1061 1704 1115 1741 noc
1132 1693 1265 1741 starania
1280 1706 1299 1741 u
1312 1690 1372 1759 wiaj'.
1391 1691 1636 1757 sandomicrskicgo
1655 1688 1735 1743 Slun.
1755 1688 1916 1759 Szafrarica

417 1783 430 1830 i
448 1796 469 1831 a
489 1778 632 1849 Mikolaja
651 1778 768 1849 Firlcja,
794 1778 955 1832 kasztclana
975 1779 1112 1845 bicckiego,
1139 1778 1170 1845 by
1192 1777 1236 1831 ich
1255 1779 1419 1832 utwicrdzil
1433 1797 1458 1831 w
1471 1781 1676 1850 praycliylnosn
1701 1780 1750 1831 Δία
1770 1779 1916 1831 Habsbur·

415 1870 479 1935 goso
498 1872 510 1921 i
528 1868 595 1936 utyc‘
602 1868 673 1938 jako
685 1869 882 1938 poircdniko'm
902 1868 987 1921 roobec
1004 1868 1151 1920 kanclcraa
1170 1868 1360 1935 Zamoyskiego
1379 1868 1476 1936 (Arch.
1497 1870 1602 1936 Domu,
1620 1868 1729 1923 Dworu
1748 1868 1758 1920 i
1775 1864 1918 1922 Paristwa

417 1975 446 2010 w
466 1957 611 2023 Wiedniu,
630 1957 788 2026 Polonica).
807 1958 892 2011 Pisal
909 1974 1016 2011 cesara:

530 2047 690 2118 ...equidem
703 2064 755 2118 pro
775 2045 900 2101 candore
918 2052 1019 2101 nostro
1038 2064 1073 2102 ac
1091 2048 1316 2119 propensissima
1334 2048 1364 2102 in
1381 2049 1506 2119 patriam
1525 2053 1654 2103 vestram
1673 2048 1826 2103 voluntate
1844 2048 1917 2101 iam-

417 2137 534 2209 pridem
551 2137 587 2192 de
606 2155 641 2193 eo
660 2138 863 2209 cogitavimus,
890 2137 914 2190 si
934 2154 991 2206 qua
1009 2136 1114 2192 idonea
1131 2138 1245 2192 ratione
1264 2155 1298 2191 ac
1317 2138 1487 2208 opportunis
1506 2137 1609 2192 mediis
1627 2137 1745 2192 dissidia
1763 2137 1820 2203 illa,
1840 2154 1915 2208 qnae

417 2227 456 2282 ab
483 2228 580 2299 aliquo
605 2234 736 2298 tempore
760 2228 838 2282 inter
863 2226 958 2298 Regni
983 2228 1067 2281 istius
1091 2244 1258 2298 supremum
1282 2227 1484 2282 cancellarium
1503 2232 1534 2282 et
1553 2227 1758 2283 Sboroviorum
1775 2225 1915 2281 familiam

417 2318 581 2372 extiterunt
596 2318 729 2389 componi
743 2321 831 2387 atque
850 2318 937 2388 sopiri
956 2321 1084 2387 possent.
1103 2317 1204 2388 Neque
1224 2334 1293 2371 sane
1308 2317 1344 2372 ab
1359 2334 1394 2371 eo
1412 2317 1519 2372 fuimus
1537 2318 1631 2384 alieni,
1652 2323 1684 2371 ut
1703 2322 1804 2371 nostra
1823 2317 1916 2371 inter-

419 2407 519 2478 posita
537 2408 712 2462 auctoritate
731 2407 908 2477 mediatoris,
926 2407 1104 2479 provinciam
1122 2408 1152 2460 in
1170 2424 1225 2462 nos
1244 2407 1462 2478 susciperemus.
1480 2409 1523 2462 Ac
1541 2412 1626 2462 tanto
1646 2406 1760 2477 quidem
1779 2405 1917 2460 maiorem

418 2515 456 2552 ex
475 2514 510 2552 eo
529 2498 633 2551 nuntio
659 2497 805 2567 coepimus
830 2498 1020 2567 voluptatem,
1047 2514 1104 2567 quo
1127 2496 1164 2551 ad
1189 2514 1244 2551 nos
1262 2497 1406 2568 perlatum
1426 2502 1471 2551 est
1490 2496 1693 2552 nonnullorum
1712 2496 1841 2551 eiusdem
1859 2495 1918 2549 Po·

418 2587 516 2641 loniae
541 2587 624 2658 regni
649 2603 808 2658 procerum,
836 2587 915 2657 pacis
940 2592 971 2641 et
990 2587 1096 2657 quietis
1114 2586 1247 2656 publicae
1266 2586 1470 2653 studiosorum,
1490 2604 1578 2657 opera
1597 2592 1626 2641 et
1646 2586 1835 2653 authoritate,
1854 2601 1915 2639 rem

418 2693 456 2731 eo
480 2676 540 2730 iam
566 2675 720 2731 deductam
744 2693 817 2745 esse,
844 2681 875 2730 ut
894 2680 992 2746 partes
1011 2675 1174 2729 huiusmodi
1194 2676 1396 2747 compositioni
1414 2676 1510 2730 locum
1529 2676 1648 2729 daturas
1667 2693 1725 2730 non
1743 2675 1830 2730 modo
1851 2691 1919 2744 spes

418 2766 516 2837 aliqua
535 2764 685 2837 affulgeat,
711 2765 761 2819 sed
787 2771 817 2820 et
837 2766 896 2821 Vos
916 2783 1057 2819 unacum
1076 2764 1228 2836 spectabili
1247 2771 1276 2819 et
1296 2782 1413 2837 mag-co
1433 2766 1543 2819 sincere
1566 2765 1650 2821 nobis
1669 2765 1775 2819 dilecto
1794 2763 1914 2819 Nicolao

418 2854 527 2925 Pirley,
546 2854 705 2910 castellano
724 2856 865 2922 Biecensi,
883 2855 958 2909 banc
983 2855 1020 2909 ad
1044 2872 1107 2909 rem
1133 2855 1300 2909 nominatos
1323 2872 1387 2909 esse
1407 2854 1540 2921 arbitros,
1560 2855 1628 2925 quin
1647 2856 1736 2909 etiam
1755 2858 1918 2909 certatam

418 2944 491 3014 ipsis
506 2944 645 3014 partibus,
660 2962 747 3015 quam
765 2944 849 2998 vobis
867 2945 939 3011 loca,
958 2944 994 2998 ad
1013 2943 1178 2998 huiusmodi
1197 2945 1404 2998 tractationem
1423 2949 1595 3015 opportuna,
1615 2944 1768 3015 designata
1786 2960 1859 3000 esse.
1878 2943 1920 2997 Et

419 3035 554 3105 quamvis
572 3033 643 3088 nihil
661 3034 835 3101 dubitemus,
854 3039 1008 3105 utrumque
1027 3034 1177 3101 arbitrum,
1202 3051 1275 3105 quae
1295 3051 1395 3088 eorum
1413 3040 1460 3089 est
1478 3034 1633 3107 singularis
1651 3034 1814 3105 prudentia,
1832 3033 1914 3087 indu·

418 3125 493 3179 stria
511 3142 546 3180 ao
563 3125 594 3179 in
607 3125 693 3180 rebus
711 3126 847 3197 gerendis
865 3126 1034 3194 dexteritas,
1053 3131 1118 3180 tum
1136 3125 1226 3180 etiam
1245 3125 1321 3197 apud
1341 3126 1547 3180 dissentientes
1566 3126 1726 3181 auctoritas
1744 3143 1797 3180 suo
1816 3125 1913 3179 officio

417 3213 521 3269 sedulo
547 3232 580 3268 ac
606 3215 685 3285 operi
710 3215 811 3270 maiori
837 3232 906 3269 cura
929 3217 1090 3281 iuncturos,
1115 3231 1210 3286 neque
1237 3216 1389 3286 quicquam
1411 3215 1441 3269 in
1459 3232 1490 3269 se
1510 3215 1666 3270 desiderari
1685 3233 1822 3285 passuros
1840 3232 1914 3283 esse,

419 3303 498 3375 quod
523 3303 560 3358 ad
585 3303 651 3358 odia
676 3304 725 3357 illa
750 3310 839 3375 atque
858 3304 976 3358 dissidia
994 3304 1124 3360 tollenda
1142 3305 1240 3374 sicque
1259 3304 1296 3359 ad
1316 3322 1350 3359 ea
1369 3322 1443 3376 quae
1462 3304 1569 3376 alioqui
1588 3322 1624 3359 ex
1642 3304 1745 3358 iisdem
1764 3321 1830 3358 cum
1849 3322 1915 3376 gra-

416 3393 539 3447 vissimo
564 3392 749 3463 Reipublicae
776 3392 951 3447 detrimento
978 3393 1127 3448 imminere
1150 3394 1287 3448 videntur
1311 3393 1388 3447 mala
1407 3400 1438 3447 et
1456 3393 1593 3448 scandala
1611 3411 1628 3447 a
1647 3393 1742 3464 patria
1760 3411 1813 3447 sua
1831 3410 1914 3447 aver·

417 3481 511 3536 tenda
535 3486 709 3552 oportunum
728 3483 775 3536 sit.
803 3482 995 3536 Nihilominus
1013 3487 1123 3551 tamen,
1141 3500 1192 3553 pro
1212 3489 1313 3538 nostro
1331 3483 1381 3536 illo
1400 3483 1512 3536 sincero
1531 3483 1561 3535 in
1580 3483 1701 3537 eandem
1720 3482 1845 3553 patriam
1863 3498 1913 3536 ve·

416 3576 512 3626 stram
530 3571 626 3625 studio
646 3589 679 3625 ac
697 3572 744 3642 pio
763 3588 945 3626 communem
964 3571 1205 3642 tranquillitatem
1225 3590 1310 3642 quam
1330 3572 1454 3626 maxime
1474 3571 1637 3626 stabiliendi
1655 3570 1830 3641 iuvandique
1849 3571 1912 3625 zelo

416 3662 515 3716 facere
535 3660 611 3714 baud
630 3661 785 3730 potuimus,
804 3661 872 3731 quin
890 3666 1024 3715 nostrum
1043 3677 1156 3731 quoque
1175 3660 1231 3714 hac
1249 3661 1278 3715 in
1297 3665 1381 3731 parte
1400 3660 1573 3715 desiderium
1592 3660 1674 3714 vobis
1693 3659 1906 3715 declararemus

418 3750 562 3806 benevole
581 3768 634 3805 vos
652 3751 841 3821 requirentes,
860 3757 892 3803 ut
911 3756 1012 3805 nostro
1032 3751 1121 3804 etiam
1139 3751 1255 3804 nomine
1275 3755 1374 3820 partes
1392 3750 1538 3805 cohortari
1557 3767 1590 3804 ac
1609 3750 1780 3820 opportunis
1798 3749 1914 3821 quibus-

418 3857 475 3911 que
501 3846 532 3894 et
556 3841 681 3895 maxime
707 3839 872 3894 efficacibus
897 3841 1077 3911 argumentis
1102 3845 1132 3895 et
1151 3839 1312 3894 rationibus
1331 3858 1366 3894 eo
1384 3839 1519 3894 inducere
1538 3839 1644 3907 velitis,
1663 3857 1720 3910 quo
1739 3839 1911 3894 concordiae

417 3929 515 3983 locum
533 3928 613 3996 dent,
631 3946 724 4000 neque
743 3933 805 3983 tam
820 3928 941 3983 ullarum
956 3930 1157 3997 offensionum,
1177 3946 1264 4000 quam
1283 3929 1394 3999 patriae
1413 3933 1444 3983 et
1462 3927 1644 3998 reipublicae,
1663 3945 1737 3995 eam,
1756 3946 1843 3999 quam
1861 3945 1914 3998 par

418 4024 476 4086 est,
495 4035 530 4073 ao
548 4018 641 4074 bonos
660 4020 738 4074 cives
757 4018 850 4086 decet,
868 4019 1011 4073 rationem
1030 4018 1186 4073 habeant...

422 4305 520 4375 1221.
567 4304 702 4374 inulta!
726 4323 744 4375 1
769 4305 866 4392 Kapul
892 4304 932 4374 do
956 4304 1191 4395 zanuysuaqo
1469 4304 1674 4385 Warszawa,
1704 4306 1741 4370 17
1767 4301 1798 4367 V
1825 4305 1921 4370 1587.

418 4486 573 4567 Pracsyla
589 4486 689 4548 breme
697 4484 862 4568 papieskz'e
874 4485 889 4548 i
900 4485 1083 4549 otwiodcaa
1097 4485 1176 4566 siga
1191 4485 1421 4566 najwigksaym
1435 4485 1606 4547 oddaniem
1622 4485 1723 4547 wobec
1736 4483 1913 4546 kancleraa.

526 4679 682 4731 Arcliroum
708 4678 904 4745 Watykariskic,
931 4679 1023 4731 Nunc.
1045 4677 1179 4731 Polonica
1199 4678 1254 4730 XX
1263 4677 1341 4731 VIII
1353 4694 1374 4728 s.
1391 4678 1458 4741 358,
1485 4675 1596 4728 brulion
1615 4694 1630 4727 c
1650 4676 1777 4743 licznymi
1790 4683 1920 4744 popraw·

419 4771 502 4830 lami,
522 4769 692 4821 walawkami
710 4772 722 4820 z·
734 4768 985 4837 przekrct‘leniami.
1005 4767 1052 4820 Na
1072 4768 1140 4820 boka
1158 4768 1287 4821 nolatka:
1308 4767 1403 4821 Ill-mo
1423 4765 1573 4834 Zamojski
1592 4782 1699 4836 magno
1719 4764 1837 4819 cancell.

528 4945 636 5010 Tanto
659 4954 774 5010 teneor
797 4944 962 5010 desiderio
986 4967 1144 5032 praesens
1167 4953 1379 5031 praesentem
1398 4943 1588 5029 alloquendi
1611 4943 1651 5009 D.
1679 4942 1840 5008 Vestram
1862 4941 1922 5032 111,

417 5059 546 5145 quanto
565 5051 685 5119 absens
704 5052 740 5117 in
758 5052 931 5121 absentem
950 5051 1060 5121 ferror
1078 5052 1189 5120 studio
1214 5060 1248 5118 et
1266 5050 1488 5118 observantia
1515 5049 1583 5116 Sed
1606 5049 1650 5116 fit
1673 5049 1822 5114 locorum
1846 5048 1920 5152 lon·
