4775 6225
506 661 542 720 96

505 824 634 909 moniti,
652 825 724 891 fide
741 848 847 912 regno
866 824 1026 893 Poloniae
1045 824 1123 892 data
1141 824 1326 913 dieauque,
1345 848 1456 893 arcem
1476 824 1753 908 Seaueiansem¹t
1771 823 1915 912 triginta
1937 822 2001 891 cir·

507 932 590 999 citer
607 955 713 999 annos
732 941 767 999 et
788 934 886 1018 ultra,
908 933 985 1000 tuso
1008 956 1070 1021 pro
1094 934 1165 1000 eius
1188 934 1295 1000 salute
1317 934 1483 1000 maiorum
1505 942 1697 1000 nostrorum
1721 933 1895 1020 sauguine,
1919 932 2002 1020 ipsis

506 1061 568 1107 nos
587 1049 780 1127 expugnata
799 1062 838 1107 ea
856 1041 964 1128 captis
983 1041 1211 1128 abductisque,
1234 1041 1371 1130 proprio
1394 1040 1563 1128 stipendio
1586 1040 1850 1107 defendebamus
1874 1040 2002 1106 studio·

506 1147 645 1214 sissime.
669 1147 755 1214 Inde
778 1148 957 1234 aliquando
980 1147 1184 1236 praesidium
1208 1148 1453 1235 expectandum
1475 1147 1794 1231 commodissimum,
1821 1147 1911 1213 unde
1934 1148 2002 1213 iam

506 1253 615 1322 omnis
648 1253 782 1341 generis
813 1254 954 1320 iniuriae
977 1277 1054 1321 cum
1077 1276 1208 1320 summa
1229 1253 1392 1321 violentia
1415 1254 1612 1320 coniunctae
1635 1255 1671 1321 in
1694 1254 1842 1321 cervices
1865 1261 2001 1321 nostros

505 1361 672 1428 uberrime
703 1368 913 1450 promanant.
944 1360 1105 1428 Matthias
1137 1362 1228 1428 enim
1260 1361 1477 1448 Karkowsky
1498 1361 1768 1453 vicecapitaueus
1793 1361 2002 1428 Sesueiensis

506 1490 567 1557 per
585 1469 712 1556 aliquot
730 1491 835 1536 annos
854 1468 951 1536 nobis
969 1468 1057 1535 bona
1079 1476 1197 1535 nostra
1218 1468 1442 1535 haereditaria
1463 1477 1543 1556 post
1564 1476 1795 1557 recuperatam
1819 1468 2001 1536 Liuouiam

506 1598 526 1642 a
544 1576 655 1664 Regia
671 1576 847 1643 Maiestate
865 1598 925 1665 per
948 1576 1102 1644 dominos
1126 1577 1290 1643 reviseres
1314 1576 1478 1662 restituta,
1501 1597 1563 1667 pro
1586 1584 1683 1663 parte
1706 1576 1916 1663 quibusdam,
1938 1598 2001 1663 pro

506 1692 578 1751 toto
602 1683 802 1771 quibusdam
824 1684 952 1768 adimit,
984 1683 1028 1768 vi,
1056 1683 1148 1749 nullo
1171 1682 1243 1749 iure
1267 1690 1324 1748 aut
1346 1683 1499 1770 legitimo
1522 1705 1690 1771 processu,
1713 1682 1936 1749 benemeritos
1960 1682 2002 1749 de

506 1790 691 1877 Republica
723 1791 986 1878 decrepidosque
1018 1790 1061 1855 ad
1084 1789 1207 1877 stipem
1229 1789 1417 1855 miserrime
1440 1789 1555 1875 adigit,
1577 1789 1842 1878 praegnantibus
1866 1797 1900 1856 et
1923 1812 2001 1876 gra·

506 1897 595 1964 vidis
627 1897 822 1966 mulieribus
854 1898 898 1964 ad
929 1920 1046 1965 necem
1078 1908 1113 1963 et
1144 1896 1300 1964 abortum
1324 1919 1430 1984 usque
1452 1897 1622 1965 horribilis
1645 1904 1680 1965 at
1701 1897 1917 1964 terriculosus
1941 1908 2001 1963 est

507 2005 609 2073 Cuius
623 2006 809 2090 insolentia,
828 2028 890 2072 nec
908 2004 1060 2092 legitima
1077 2004 1159 2071 iuris
1178 2027 1240 2092 per
1258 2004 1385 2091 aliquot
1402 2005 1469 2070 iam
1488 2027 1595 2071 annos
1613 2004 1764 2071 adhibita
1782 2014 2002 2092 compescunt

505 2113 661 2199 remedia
692 2136 755 2181 nec
786 2113 985 2201 interposita
1016 2135 1036 2179 a
1067 2112 1177 2199 Regia
1199 2111 1375 2178 Maiestate
1397 2112 1506 2197 vadia,
1527 2135 1591 2178 nec
1614 2112 1920 2179 commissariorum
1944 2113 2000 2178 de-

506 2229 606 2305 creta,
623 2244 686 2287 nac
705 2221 850 2308 denique
867 2220 1003 2288 virtutis
1021 2242 1116 2286 amor
1134 2228 1192 2286 aut
1210 2242 1339 2307 poenae
1356 2228 1474 2287 metus.
1492 2220 1690 2287 Humillime
1713 2219 1754 2287 ab
1778 2220 1828 2287 Ill
1852 2230 1887 2287 et
1909 2221 2002 2307 Mag.

505 2328 546 2395 D.
578 2329 700 2395 Vestra
732 2328 884 2417 petimus,
917 2326 1076 2417 dignetur
1103 2327 1139 2392 in
1162 2327 1315 2394 favorem
1339 2348 1434 2393 sacro
1457 2336 1591 2395 sauctae
1612 2328 1771 2413 justitiae,
1803 2328 1840 2394 in
1866 2338 2000 2416 protec-

506 2434 632 2503 tionem
659 2434 832 2519 bonorum,
859 2434 895 2499 in
922 2456 1066 2521 poenam
1089 2434 1365 2521 delinquentium,
1396 2443 1530 2501 nostras
1553 2443 1666 2523 partes
1689 2442 1723 2502 et
1746 2435 1836 2523 apud
1860 2434 2000 2502 Sacram

505 2543 650 2630 Regiam
681 2542 892 2609 Maiestatem
924 2549 958 2608 et
990 2542 1079 2631 apud
1111 2543 1265 2610 dominos
1297 2565 1481 2609 assessores
1509 2542 1625 2609 iudicii
1646 2541 1758 2629 Regii,
1780 2564 1843 2629 pro
1865 2564 1995 2629 promo-

506 2650 617 2716 venda
649 2672 749 2716 causa
780 2656 896 2717 nostra
918 2649 955 2715 in
977 2672 1014 2715 se
1036 2650 1193 2736 recipere,
1216 2673 1259 2716 na
1281 2650 1337 2715 vel
1359 2649 1395 2715 in
1417 2649 1515 2717 nobis
1538 2649 1722 2717 miserrime
1743 2650 1894 2715 laedatur
1917 2652 1999 2717 Res-

506 2756 648 2847 publica,
667 2757 722 2823 vel
739 2756 891 2823 ulteriori
908 2756 1086 2823 iusolentia
1104 2757 1287 2824 adversarii
1305 2758 1395 2823 viras
1413 2765 1530 2824 nostra
1552 2758 1714 2824 hactenus
1735 2755 1916 2822 admodum
1940 2778 1998 2820 ex·

506 2862 654 2949 haustae,
685 2863 721 2929 in
753 2871 862 2931 totum
885 2862 1072 2948 concidant,
1105 2886 1190 2951 quae
1212 2865 1242 2929 si
1265 2873 1482 2932 conservatae
1504 2864 1640 2948 fuerint,
1662 2863 1845 2931 accrevisse
1868 2862 1996 2948 aliqu

506 2971 724 3060 Reipublicae
742 2971 879 3059 eiusque
896 2970 1063 3056 tliesaum,
1082 2971 1135 3037 sin
1152 2980 1301 3059 pereant,
1319 2972 1463 3037 eundem
1485 2971 1592 3037 minui
1615 2978 1649 3037 et
1671 2968 1844 3054 debilitari,
1867 2976 1996 3035 certum

507 3086 565 3146 est
598 3079 666 3147 Pr0
688 3078 812 3166 Regni,
839 3080 939 3168 regis,
962 3085 997 3146 et
1018 3078 1069 3146 Ill
1093 3100 1132 3145 ac
1154 3078 1244 3166 Mag.
1271 3079 1374 3145 D·nis
1401 3078 1542 3146 Vestrae
1565 3079 1672 3146 salute
1694 3077 1767 3167 ipsa
1787 3083 1904 3144 nostra
1927 3097 1995 3143 cor-

506 3208 589 3275 pora
612 3186 798 3257 offerimus.

612 3293 663 3360 Ill.
696 3315 735 3359 ao
765 3294 855 3381 Mag.
886 3293 989 3359 D-nis
1016 3293 1158 3361 Vestrae
1180 3292 1376 3361 humillima
1399 3299 1484 3364 Tota
1505 3295 1663 3361 nobilitas
1686 3293 1857 3360 distictus
1881 3292 1998 3360 Sasue

506 3400 608 3466 iensis
633 3401 668 3467 in
691 3400 842 3467 Liuonia

616 3582 635 3649 ¹)
656 3581 800 3634 Tcminw
812 3596 831 3633 a
845 3595 905 3650 quc,
920 3582 1070 3650 nopuam
1084 3578 1153 3633 listu
1158 3581 1219 3651 jcst
1231 3581 1329 3652 objecit
1341 3579 1493 3649 Scsmgen
1508 3590 1590 3651 pnes
1605 3581 1735 3635 Polakow
1743 3587 1780 3651 po
1787 3580 1890 3651 pokoju
1903 3596 1929 3631 w
1945 3577 1999 3640 Ja-

506 3672 558 3722 mie
575 3667 731 3740 Zapolskim
749 3672 768 3722 t.
779 3670 806 3740 j.
825 3686 849 3722 r.
868 3670 951 3734 1582,
970 3672 1104 3722 terminus
1120 3672 1160 3722 ad
1176 3685 1262 3739 quem,
1281 3671 1374 3724 tonia
1391 3672 1476 3736 1586,
1490 3675 1642 3741 pontacus,
1652 3672 1707 3742 jak
1725 3688 1740 3722 a
1759 3671 1842 3724 traici
1859 3668 1928 3722 la'rtu
1946 3686 1998 3738 wy-

506 3758 582 3825 nita,
599 3758 706 3826 Batovy
716 3759 824 3829 jcszcac
840 3758 906 3831 ayjc.
924 3757 1072 3812 Paucas
1091 3759 1127 3811 od
1144 3775 1168 3811 r.
1184 3760 1257 3824 1582
1277 3759 1401 3829 uptynfto
1411 3761 1465 3830 jur
1484 3760 1595 3830 aliquot
1613 3760 1672 3815 iam
1690 3776 1782 3815 annos
1795 3763 1891 3829 praeto
1903 3760 1998 3830 pnyj·

507 3848 566 3900 mu'
595 3848 647 3900 dat
678 3850 755 3902 18ό
773 3865 797 3901 r.

546 3863 578 3919 Ji
614 3861 812 4006 bltmdocgen,
841 3919 989 4002 Caestwin,
1009 3940 1101 3991 zamk
1126 3955 1151 3991 w
1176 3939 1346 4010 Inflantach,
1365 3941 1454 4012 aajgty
1471 3943 1668 4011 apocaqtkicm
1687 3943 1773 4013 wry'ny
1785 3948 1868 4010 przca
1887 3940 1995 4000 Itoana,

507 4025 551 4094 by?
576 4043 601 4079 ro
626 4027 723 4095 rekach
748 4029 952 4092 moskiewstich,
979 4036 1013 4083 aa
1038 4030 1073 4083 do
1097 4034 1240 4083 zawarcia
1262 4032 1361 4103 pokcju
1385 4034 1457 4097 1582
1477 4048 1500 4084 r.
1520 4032 1682 4101 (Natanaon
1700 4029 1790 4085 Leski
1807 4028 1874 4091 Jan,
1892 4026 1995 4098 Epoka

507 4114 627 4170 Statana
644 4116 793 4187 Batorego
812 4135 840 4171 w
854 4117 986 4189 dalajach
1000 4119 1121 4190 grauioy
1135 4119 1314 4191 wachoduiaj
1334 4120 1619 4193 Rzeczypospolitej,
1638 4121 1808 4175 Warsaawa
1826 4119 1896 4175 1930
1913 4135 1935 4170 s.
1950 4119 1996 4182 21,

506 4205 605 4272 23-4,
625 4205 694 4273 124).

510 4490 605 4561 ¹¹02.
653 4491 836 4563 dratowskl
861 4492 987 4564 oswald
1012 4495 1052 4564 do
1075 4495 1310 4586 zanaysuoua
1827 4495 1953 4583 [1586tl
1969 4499 1997 4577 ¹)·

795 4675 893 4739 Prosi
912 4698 929 4739 o
952 4679 1060 4758 uraqd
1078 4687 1223 4760 zastfpcy
1245 4678 1395 4759 dowddcy
1416 4680 1536 4743 aamku
1559 4680 1708 4761 ryskzegc.

613 4850 688 4905 Bibl.
711 4852 778 4906 Ord.
798 4853 875 4907 Zam.
894 4871 946 4908 ser.
962 4857 985 4909 J
997 4861 1015 4908 t.
1038 4855 1062 4909 V
1069 4857 1110 4926 pl.
1122 4857 1165 4920 36
1183 4874 1216 4910 nr
1234 4872 1278 4924 19.
1302 4857 1382 4925 Oryg.
1401 4875 1417 4909 z
1436 4858 1663 4927 talarnorgcanym
1677 4860 1814 4929 podpisem
1835 4862 1847 4909 i
1863 4861 1998 4913 adrcscm:

507 4939 582 4994 Ill-ri
607 4946 637 4995 at
662 4941 781 5012 Mag-co
799 4943 879 4997 D·uo
899 4943 969 4999 d·no
988 4945 1091 5000 Ioanni
1110 4946 1268 5018 Zamoisky
1288 4946 1494 5017 Zamoiaou(s.)
1519 4948 1602 5018 regni
1619 4947 1758 5002 Poloniae
1777 4964 1912 5017 supremo
1931 4964 1996 5001 can·

507 5028 622 5086 cadamo
641 5036 697 5086 ate
717 5049 770 5087 suo
788 5032 932 5089 clamanti.
