4775 6225
526 740 580 797 458

527 898 678 967 inaudita
709 908 812 989 parte,
844 900 1108 988 proferebantur.
1141 900 1192 966 Ea
1215 906 1311 966 erant
1342 900 1408 986 1116
1432 922 1516 987 quae
1548 902 1591 968 de
1624 902 1851 969 concredito
1883 902 2039 969 Tartarico

528 1008 674 1096 negotio,
688 1008 730 1074 de
753 1006 894 1095 epistola
912 1007 954 1074 ab
972 1031 998 1078 r.
1017 1007 1047 1073 d.
1067 1006 1227 1074 Petrouio
1245 1007 1337 1074 iussu
1361 1007 1467 1096 ipsius
1490 1008 1534 1075 ad
1557 1030 1611 1075 me
1628 1009 1789 1097 scripta,
1811 1009 1860 1075 de
1886 1009 2039 1076 Polonicis

527 1113 682 1204 hospitiis
706 1116 814 1201 deque
837 1114 962 1181 officiis
986 1136 1068 1201 erga
1090 1136 1144 1180 me
1166 1114 1203 1180 in
1226 1114 1374 1182 exercitu
1397 1115 1536 1201 collatis,
1560 1123 1618 1183 aut
1651 1116 1729 1182 dici
1759 1129 1830 1183 aut
1855 1116 1968 1183 taceri
1995 1140 2040 1206 po·

528 1222 678 1289 tuissent
697 1222 747 1288 At
764 1222 919 1309 equidem
938 1220 1148 1288 Tartaricum
1165 1222 1340 1308 negotium
1355 1221 1516 1310 epistolae
1529 1245 1623 1290 meae
1641 1223 1770 1290 editae
1785 1246 1868 1291 non
1884 1224 2040 1314 66661166,

528 1328 762 1416 magnanimos
786 1330 913 1396 interea
935 1337 1074 1396 conatus
1098 1328 1138 1396 V.
1162 1329 1202 1396 D.
1226 1329 1370 1413 Ill-mae,
1394 1352 1478 1417 quae
1496 1330 1691 1418 sumptibus
1716 1338 1761 1398 et
1788 1331 1965 1419 sanguini
1993 1354 2040 1420 pro

529 1435 715 1523 Republica
742 1436 847 1502 nollet
878 1458 1023 1523 parcere,
1055 1436 1105 1502 sic
1128 1435 1308 1521 admirans,
1330 1443 1369 1502 ut
1391 1436 1475 1502 mihi
1497 1436 1656 1524 religioni
1680 1437 1895 1525 duxissem,
1919 1439 1951 1505 si
1971 1449 2040 1506 atre

529 1551 643 1608 mento
666 1564 705 1608 ca
737 1542 772 1607 iu
804 1565 841 1608 re
862 1543 1095 1630 pepercissem.
1128 1543 1237 1611 Notae
1267 1564 1370 1630 porro
1402 1543 1478 1610 illae
1510 1544 1549 1610 N.
1573 1543 1614 1611 N.
1647 1544 1739 1611 satis
1778 1556 1903 1631 eraut,
1927 1555 1966 1613 ut
1994 1568 2040 1612 nso

530 1648 671 1736 quisque
694 1649 845 1717 divinare
877 1657 991 1737 posset
1027 1649 1070 1716 ad
1103 1671 1267 1737 quosnam
1298 1650 1489 1736 attinerent,
1520 1673 1559 1717 ac
1581 1672 1677 1718 meae
1710 1652 1812 1719 fidei
1848 1660 1956 1742 (quae
1985 1654 2040 1719 Dec

529 1755 667 1822 iuvante
684 1756 833 1845 perstitit
855 1763 972 1845 postea
994 1758 1031 1823 iu
1053 1755 1275 1840 difficillimis,
1291 1779 1375 1843 quae
1393 1758 1498 1843 novit,
1516 1758 1589 1829 aliis
1608 1758 1782 1846 negotiis,
1803 1768 1844 1827 et
1865 1762 2039 1849 praestabit

530 1870 716 1946 aeternum)
746 1863 839 1930 nulla
870 1870 985 1951 posset
1016 1864 1103 1931 iuste
1135 1864 1267 1930 macula
1297 1864 1394 1930 inuri.
1429 1863 1497 1931 Sed
1520 1873 1554 1930 et
1575 1887 1638 1949 res,
1664 1887 1760 1952 quae
1793 1868 1956 1956 epistola
1976 1869 2039 1935 r.d

531 1970 682 2037 Petrouii
704 1970 968 2056 continebantur,
987 1970 1151 2039 eiusmodi
1170 1980 1275 2056 erant,
1292 1979 1331 2037 ut
1349 1979 1402 2036 sat
1420 1971 1540 2037 nitoris
1565 1971 1694 2058 absque
1712 1973 1950 2043 nitidissimo
1967 1976 2040 2063 stylo

531 2077 574 2143 ad
597 2077 799 2163 dignitatem
816 2078 987 2164 haberent,
1010 2100 1085 2144 cum
1115 2078 1227 2145 auiro
1246 2078 1407 2166 principe,
1427 2078 1484 2165 qui
1503 2078 1565 2145 sub
1583 2078 1695 2165 signis
1715 2081 1850 2168 copias
1877 2083 2040 2170 ingentem

531 2184 623 2250 illam
655 2184 825 2251 civitatem
857 2184 1047 2251 obsidentes
1080 2184 1219 2252 haberet
1255 2185 1516 2271 saevissimeque
1548 2184 1659 2251 hieme
1691 2187 1905 2255 maximum
1939 2198 2041 2276 ageret

531 2292 714 2379 negotium,
737 2292 847 2359 minus
870 2293 944 2376 ista,
969 2314 1052 2379 quae
1075 2293 1118 2360 ad
1141 2292 1317 2359 latinitatis
1350 2291 1495 2359 attinent
1527 2292 1750 2379 splendorem
1786 2296 1925 2384 aliquis
1954 2319 2040 2385 expe

532 2400 681 2484 ctarent,
704 2400 807 2465 immo
830 2400 947 2467 forsan
969 2400 1092 2466 nimiae
1115 2422 1215 2467 curae
1243 2408 1301 2467 aut
1319 2400 1388 2466 otio
1407 2398 1608 2487 ascripserit,
1627 2399 1657 2465 si
1676 2422 1784 2469 secus
1804 2404 2041 2471 scriberentur.

531 2506 583 2571 De
605 2506 761 2594 hospitiis
784 2514 897 2573 autem
919 2507 1088 2574 Polouicis
1121 2507 1205 2573 nihil
1229 2507 1428 2593 tranquillae
1451 2506 1624 2573 hominum
1652 2516 1805 2594 mentes,
1831 2533 1929 2598 quae
1952 2510 2040 2577 idad

532 2613 812 2701 praemuniendos
835 2614 964 2680 animos
988 2622 1022 2680 et
1044 2614 1293 2702 praecavendos
1316 2614 1431 2701 lapsus
1449 2613 1555 2679 fuisse
1568 2613 1742 2680 levissime
1763 2622 1910 2684 tactum
1929 2640 2041 2706 agnos·

532 2727 622 2805 cunt,
645 2720 816 2805 hactenus,
831 2722 920 2807 quod
943 2721 1055 2803 sciam,
1078 2722 1114 2787 in
1138 2743 1212 2788 eam
1235 2721 1459 2809 suspicionem
1488 2728 1657 2787 venerunt
1690 2722 1830 2790 Officia
1856 2747 1968 2813 porro
1985 2725 2040 2801 illa

534 2826 677 2913 quaein
699 2848 753 2893 me
781 2834 815 2893 et
833 2827 875 2894 ab
893 2849 1016 2894 ser-mo
1039 2850 1120 2915 rege
1138 2836 1173 2894 et
1191 2850 1212 2893 a
1229 2829 1268 2894 V.
1288 2828 1328 2894 D.
1352 2828 1467 2894 Ill-ma
1480 2827 1517 2893 in
1539 2826 1658 2893 castris
1682 2828 1816 2896 collata
1842 2840 1942 2918 sunt,
1960 2833 2039 2928 prin·

533 2931 663 3020 cipibus
687 2934 768 2999 viris
801 2934 956 3021 dictoque
988 2936 1097 3020 retuli,
1129 2935 1310 3022 curavique
1342 2942 1459 3018 tetum,
1483 2934 1572 3021 quod
1605 2943 1837 3003 consecutum
1875 2948 1934 3005 est
1958 2938 2041 3027 quin·

537 3040 728 3128 quennium,
753 3041 1004 3129 quibuscunque
1023 3043 1116 3130 potui
1136 3042 1272 3128 officiis,
1291 3040 1448 3131 periculis
1468 3047 1502 3106 et
1520 3041 1689 3108 laboribus
1709 3043 1921 3129 gratissimi
1940 3045 2041 3127 animi,

534 3170 619 3235 quae
650 3150 974 3236 (quantuluscunque
1006 3152 1081 3231 sim)
1114 3149 1209 3238 potui
1241 3150 1341 3237 signa
1372 3149 1452 3215 dare
1484 3149 1602 3236 aliqua.
1644 3148 1766 3236 Neque
1800 3173 1979 3241 umquam
2007 3153 2043 3219 ad

533 3255 739 3322 Pontificem
762 3256 945 3323 Maximum
968 3257 1044 3341 adii,
1068 3257 1149 3343 quin
1173 3256 1215 3323 ab
1238 3278 1277 3323 66
1301 3278 1360 3323 666
1382 3256 1521 3340 litteras,
1544 3254 1615 3321 sive
1642 3255 1742 3341 dona,
1769 3259 1908 3345 quibus
1933 3262 2042 3328 eaden

534 3363 700 3429 beneficia
722 3371 984 3450 recognosceret,
1017 3365 1196 3430 retulerim.
1237 3364 1290 3429 De
1311 3385 1392 3449 rege
1415 3363 1489 3450 ipso
1521 3363 1570 3428 nil
1592 3370 1673 3442 erat,
1696 3363 1732 3427 in
1759 3386 1833 3450 quo
1872 3375 2043 3455 tamquam

534 3470 663 3557 aptiore
700 3471 772 3537 loco
809 3472 955 3536 inserere
992 3471 1062 3536 eius
1101 3471 1295 3536 memoriam
1332 3493 1474 3557 possem,
1508 3469 1589 3556 quin
1621 3469 1780 3535 libertate
1816 3495 1965 3540 summa
2002 3476 2042 3538 fc·

535 3578 645 3643 cerim.
682 3580 785 3644 Extat
808 3602 875 3644 non
899 3602 965 3645 uno
990 3580 1062 3645 loco
1095 3579 1222 3646 mentio
1245 3578 1588 3645 honorificentissima
1621 3577 1727 3664 ipsius
1752 3578 1797 3643 iis
1823 3580 1944 3667 libris,
1970 3605 2044 3670 quos

535 3706 660 3752 ser-mo
697 3685 831 3752 Suetiae
868 3687 940 3772 regi
978 3688 1095 3752 dicavi.
1138 3687 1290 3774 Epistola
1327 3709 1413 3769 vero,
1452 3709 1552 3773 quam
1588 3685 1710 3751 iudicio
1744 3685 1789 3751 de
1825 3691 2045 3757 confessione

534 3793 736 3879 Augustana
758 3816 833 3859 meo
857 3793 1014 3880 inscripsi
1038 3794 1146 3859 ill-mo
1170 3793 1388 3878 Sigismundo
1413 3793 1676 3879 Transylvaniae
1698 3792 1857 3881 principi
1884 3806 1922 3862 et
1946 3798 1988 3863 V.
2011 3798 2045 3862 D.

534 3899 666 3965 Ill-mac
690 3901 797 3985 affini,
822 3902 954 3988 6661616
977 3924 1074 3986 reges
1098 3924 1138 3966 611
1163 3900 1335 3988 Stephano
1359 3922 1440 3985 rege
1463 3899 1646 3966 efformare
1663 3897 1728 3964 sibi
1753 3900 1797 3964 ad
1818 3905 2045 3988 regnandum

536 4007 681 4093 speciem
710 4007 840 4091 debent,
864 4009 1081 4091 demonstrat,
1114 4030 1190 4073 oum
1223 4016 1257 4072 et
1290 4007 1351 4071 hae
1385 4006 1575 4094 principum
1606 4005 1746 4088 litterae,
1772 4028 1866 4092 quas
1894 4012 2045 4099 accipiet,

535 4115 578 4178 ad
602 4136 677 4179 eum
710 4115 854 4202 scriptae
886 4115 1020 4201 aliquod
1038 4115 1181 4205 ,laturae
1214 4115 1281 4180 sint
1314 4114 1417 4180 animi
1440 4113 1507 4179 mei
1535 4112 1813 4194 testimonium1).
1860 4115 1936 4183 Sed
1962 4119 2045 4184 enim

536 4223 783 4288 commentariis
808 4224 997 4289 Moscoviae
1020 4223 1175 4307 inserere,
1199 4245 1283 4308 quae
1308 4222 1413 4288 videri
1441 4222 1630 4309 potuissent
1653 4219 1790 4285 auribus
1815 4222 1909 4290 data
1943 4227 1993 4305 (in
2016 4249 2045 4291 re

536 4333 732 4417 praesertim
765 4330 948 4413 eiusmodi),
972 4353 1048 4396 cum
1076 4339 1188 4395 tamen
1212 4331 1371 4416 pleraque
1394 4329 1587 4410 tacuissent,
1611 4348 1695 4412 61166
1727 4326 1877 4395 alterius
1914 4334 2045 4420 generis

538 4460 613 4501 cum
637 4436 789 4520 fuissent,
822 4446 977 4524 poterant
1001 4437 1107 4502 videri
1138 4458 1211 4502 esse
1234 4437 1418 4520 inserenda,
1441 4435 1507 4500 nisi
1531 4441 1682 4500 sanctum
1706 4435 1798 4520 apud
1828 4458 1893 4504 me
1919 4443 2046 4528 regium

537 4565 660 4608 nomen
683 4544 813 4628 fuisset,
836 4568 904 4610 666
929 4545 1072 4609 iudicavi
1096 4543 1189 4609 tanti.
1215 4545 1261 4608 Et
1279 4552 1407 4608 restant
1422 4542 1510 4629 apud
1526 4563 1580 4606 me
1595 4541 1843 4608 commentaria
1865 4547 1948 4631 alia,
1970 4572 2045 4635 quae

537 4651 608 4715 sive
632 4673 695 4737 ego
719 4652 862 4734 edidero,
887 4651 957 4716 sive
980 4673 1140 4737 umquam
1155 4650 1197 4716 ab
1221 4650 1294 4715 aliis
1318 4658 1523 4736 promentur,
1543 4649 1649 4714 fidem
1668 4648 1902 4719 illustriorem
1924 4656 2045 4722 facient

538 4758 756 4824 sincerissimi
779 4767 812 4822 et
835 4758 1020 4844 gratissimi
1044 4758 1145 4823 auimi
1171 4757 1245 4824 mei.
1271 4759 1318 4823 At
1341 4756 1423 4822 haec
1447 4756 1619 4821 hacteuus.

645 4865 809 4949 Ceterum,
834 4888 909 4931 cum
933 4867 1060 4931 ill-mus
1084 4864 1241 4953 princeps
1266 4863 1567 4950 Transylvauiae⁸)
1595 4864 1713 4929 adme
1746 4864 1950 4956 scripserit,
1982 4895 2046 4939 cru·

538 4995 677 5058 6616666
710 4996 785 5039 6616
819 4975 944 5040 sanctis
978 4974 1136 5058 reliquiis
1170 4995 1269 5059 quam
1303 4995 1392 5039 nunc
1425 4972 1532 5055 mitto,
1556 4970 1699 5059 petierit,
1732 4969 1859 5059 habeO,
1889 5001 1962 5065 quo
1996 5003 2048 5046 nos

539 5100 654 5145 omnes
679 5089 712 5145 et
736 5104 775 5146 ex
795 5082 906 5147 auimo
925 5081 1051 5167 gratias
1067 5081 1105 5145 V.
1121 5081 1254 5145 Ill-mae
1277 5080 1316 5146 D.
1332 5101 1471 5166 agamus
1487 5101 1526 5144 ac
1540 5078 1668 5165 optima
1682 5099 1840 5164 quaeque
1864 5105 2049 5173 speremus.
