4775 6225
534 770 590 826 tut

535 931 569 1001 4.
605 929 774 1017 lunarat!
807 928 848 1000 ts
880 929 962 999 laus
988 927 1128 1015 truita
1152 925 1420 1016 aerttmum,
1452 926 1563 1017 sulp.
1588 928 1865 1128 truchione?

1848 1040 1918 1105 IX
1936 1040 2048 1129 1585ll

642 1197 716 1250 Bibl.
738 1196 806 1251 Ord.
827 1197 903 1250 lan.
922 1200 941 1250 t.
967 1194 1009 1249 Vl
1022 1210 1074 1249 m.
1089 1194 1128 1250 Il
1137 1211 1176 1248 nr
1186 1207 1225 1261 51
1232 1194 1257 1248 b.
1275 1194 1403 1265 Koncept.
1421 1194 1559 1250 Preunta
1577 1197 1615 1249 ks.
1634 1194 1893 1253 Sadkoush‘enu
1913 1216 1955 1253 na
1969 1201 2048 1270 prate

534 1290 601 1340 staro
612 1286 812 1357 jaworowskie.
822 1284 870 1339 Na
888 1285 1026 1339 cdwroa'u
1051 1284 1120 1337 lacta
1142 1284 1177 1337 do
1199 1284 1385 1339 Torosom‘caa
1411 1301 1427 1337 a
1452 1284 1522 1339 duaa
1548 1296 1587 1339 10
1604 1283 1653 1338 IX
1681 1287 1775 1352 1585
1816 1288 1877 1358 (nr
1895 1290 1991 1360 1115).
2007 1291 2048 1343 24

531 1377 616 1445 pista
629 1375 792 1447 pdiniejsza
810 1389 974 1441 cremonym
993 1377 1187 1427 atramentem:
1215 1372 1243 1429 J.
1258 1371 1410 1443 Zamojski
1428 1372 1495 1444 daje
1513 1378 1654 1443 prasente
1672 1364 2049 1433 X.'Sadkowskiemu1u

536 1463 704 1534 prebostwo
718 1480 745 1519 w
760 1462 943 1519 Jaworowie.

642 1606 727 1673 Oura
749 1606 918 1673 inlocum
950 1604 1089 1693 parochi
1120 1605 1201 1690 eius,
1234 1605 1393 1692 quiante
1425 1627 1521 1694 spem
1541 1606 1710 1673 Javorovi
1748 1609 1956 1697 magnifici
1981 1612 2048 1678 elin

535 1714 660 1780 domini
684 1714 840 1780 Andreae
872 1712 1047 1779 comitisa
1070 1712 1181 1779 Gorca
1208 1713 1380 1779 castellani
1402 1713 1706 1799 Miedziraecensis,
1729 1723 1778 1781 ut
1804 1719 1981 1785 tenutarii
2000 1719 2047 1786 Ja

534 1822 762 1889 verovicensis
794 1822 869 1905 fuit,
892 1821 1016 1908 quique
1038 1842 1059 1886 a
1080 1819 1289 1887 Paternitate
1311 1820 1434 1888 Vestra
1458 1822 1603 1889 dimotus
1626 1830 1730 1908 esset,
1759 1846 1957 1914 eorunqne
1978 1827 2048 1893 alim

534 1930 744 1997 introductus
767 1929 813 1995 sit
844 1935 961 1995 contra
983 1928 1035 1994 ius
1058 1935 1265 2016 patronatus,
1288 1929 1379 2015 quod
1401 1928 1486 1995 mihi
1508 1928 1552 1995 ad
1574 1950 1649 1995 eam
1672 1930 1936 2017 parochialem
1958 1934 2049 2001 eccle-

534 2036 618 2103 siam
641 2036 810 2124 competit,
832 2036 868 2102 id
891 2035 981 2122 quod
1003 2035 1135 2116 accidit,
1158 2035 1249 2122 qued
1271 2034 1473 2102 Paternitati
1494 2035 1636 2103 Vestrae
1668 2036 1715 2103 de
1752 2038 1841 2106 iure
1865 2063 1952 2109 meo
1974 2065 2050 2109 con

534 2143 715 2233 pesliltum
738 2165 807 2209 non
829 2141 941 2226 fuerit,
964 2164 1004 2209 au
1025 2149 1143 2230 postea
1174 2142 1347 2230 praedicta
1369 2142 1509 2209 ecclesia
1530 2141 1738 2230 parochialis
1767 2156 1893 2233 vacet,
1919 2171 1987 2237 ego
2017 2150 2050 2215 ad

534 2272 607 2317 eam
630 2251 713 2317 Rev.
737 2247 938 2317 Paternitati
961 2250 1103 2315 Vestrae
1125 2249 1272 2316 nobilem
1295 2257 1329 2315 et
1351 2249 1580 2318 honorabilem
1599 2249 1831 2340 Sadkowski,
1863 2279 1951 2323 cnm
1970 2280 2051 2345 pres

536 2358 692 2445 byterum
710 2357 794 2424 mihi
812 2357 855 2425 ab
873 2357 1061 2423 eruditione
1078 2379 1117 2423 ac
1135 2356 1284 2424 moribus
1303 2357 1582 2442 commendatum,
1606 2362 1924 2445 praesentandum
1944 2365 2053 2451 putari

533 2465 652 2552 hisque
678 2465 798 2531 litteris
822 2464 905 2532 meis
928 2472 1113 2552 praesento.

641 2646 662 2712 ¹)
679 2643 886 2714 Arcybiskupem
912 2643 1066 2705 lwowslu'm,
1091 2645 1126 2695 do
1150 2643 1260 2710 ktdrege
1283 2643 1400 2714 dyccezji
1419 2641 1534 2697 naletul
1550 2640 1705 2706 Jaworcv.
1736 2645 1790 2713 by!
1819 2651 1970 2704 voveras
1999 2649 2054 2713 Jaa

533 2734 646 2803 Dymitr
660 2733 830 2789 Sclikcwski.

641 2824 662 2891 ¹)
680 2822 864 2892 Pnyblltonq
882 2823 947 2891 dat(
965 2825 1023 2890 lego
1042 2821 1111 2876 listas
1129 2822 1267 2895 wskuaaje
1284 2822 1335 2877 list
1350 2824 1385 2877 do
1407 2823 1592 2877 rorosoeicsa
1611 2837 1650 2876 na
1668 2823 1827 2882 oderocie.

534 3108 566 3180 t.
604 3106 728 3181 tallias
751 3106 891 3180 flettart
920 3107 961 3180 ta
984 3107 1220 3197 recuratur·
1576 3104 1724 3192 Mitawa,
1753 3113 1845 3194 13l3
1870 3114 1935 3180 XI
1963 3119 2050 3184 last

533 3307 703 3389 Zuprasaa
736 3327 781 3369 na
812 3306 884 3369 dub
915 3305 1028 3387 swojq'
1056 3305 1144 3369 ce‘rki
1164 3304 1266 3386 Anny
1287 3326 1307 3368 a
1330 3326 1446 3368 marsa.
1470 3304 1517 3367 lit.
1542 3304 1649 3367 nadm
1673 3303 1893 3374 Albrechtem
1928 3313 2047 3377 Radri-

1218 3412 1347 3476 willam.

641 3571 798 3625 Archiwum
826 3571 998 3624 Puristwewe
1032 3587 1056 3621 w
1086 3571 1181 3637 Rydsc,
1201 3570 1287 3621 Kurz.
1316 3569 1387 3622 lterc.
1416 3569 1492 3622 arch.
1522 3574 1647 3632 111331.
1667 3577 1695 3637 p.
1720 3573 1785 3622 den.
1810 3585 1861 3636 17.
1901 3574 2041 3642 oryginal

533 3677 547 3712 z
562 3663 699 3730 pcdpisem
718 3660 955 3727 wlasncrfcznym,
975 3661 1019 3712 bes
1034 3663 1157 3728 pieczfcr'.

639 3839 688 3902 Ill.
713 3848 747 3903 et
769 3839 904 3923 Mag-ce
927 3837 1024 3921 Due,
1048 3836 1154 3901 amice
1177 3835 1355 3901 carissime.
1381 3836 1426 3901 Ut
1450 3836 1515 3918 illa,
1531 3857 1615 3922 quae
1633 3835 1718 3900 mihi
1742 3857 1822 3902 cum
1842 3839 1900 3905 Ill.
1918 3841 2036 3906 Vestra

534 3946 693 4011 hactenus
717 3944 906 4010 intercessit
929 3944 1075 4010 amicitia
1098 3967 1137 4009 ac
1160 3944 1393 4009 benevolentia
1417 3953 1511 4008 tante
1530 3942 1662 4008 firmius
1681 3942 1881 4031 arctiusque
1907 3948 2033 4013 stabili-

532 4060 624 4118 retur
647 4060 747 4138 atque
770 4053 853 4118 adeo
877 4050 972 4137 quasi
990 4073 1051 4138 per
1078 4073 1197 4116 manus
1220 4050 1403 4115 laetissima
1422 4050 1633 4116 successione
1651 4049 1694 4114 ad
1712 4048 1896 4137 utriusque
1920 4062 2032 4140 poste·

533 4160 668 4226 ritatem
704 4159 951 4241 transferretur,
993 4158 1070 4224 fieri
1101 4158 1137 4222 id
1174 4157 1339 4245 imprimis
1373 4157 1436 4223 hoc
1459 4158 1559 4222 modo
1592 4155 1715 4223 certius
1748 4159 2031 4246 commodiusque

533 4288 631 4354 posse
654 4266 851 4350 existimavi,
875 4265 904 4331 si
927 4265 1093 4331 amicitiae
1116 4265 1167 4330 ius
1187 4273 1221 4330 et
1239 4265 1451 4330 necessitudo
1474 4265 1566 4330 omni
1585 4272 1737 4350 tempore
1755 4264 1889 4331 cultum
1915 4276 2029 4332 mutue

532 4374 771 4440 observaretur.
797 4373 874 4439 Non
896 4373 1001 4459 igitur
1024 4373 1170 4438 alienum
1194 4372 1236 4438 ab
1255 4372 1372 4438 officio
1396 4371 1507 4437 visum
1530 4371 1604 4455 fuit,
1627 4371 1735 4437 fretus
1758 4370 1864 4436 ill-tis
1886 4372 2028 4439 Vestrae

532 4480 567 4545 in
591 4503 644 4545 me
667 4480 794 4566 optima
817 4488 1058 4567 perspectaque
1081 4481 1256 4545 voluntate
1279 4501 1318 4544 ac
1341 4478 1574 4566 propensione,
1602 4477 1637 4543 in
1661 4477 1724 4543 hoe
1748 4478 1867 4544 sedulo
1897 4479 2027 4545 incum-

533 4587 618 4671 bere,
642 4608 707 4672 qua
729 4587 858 4651 ratione
881 4587 938 4651 illa
961 4587 1067 4652 nostri
1101 4586 1281 4671 aliquando
1315 4585 1430 4651 solacii
1462 4585 1643 4671 gaudiique
1674 4584 1844 4671 particeps
1871 4607 1914 4652 ac
1938 4587 2026 4653 socia

532 4694 627 4760 foret.
661 4692 822 4772 Quocirca
845 4694 894 4758 Ill.
919 4694 1059 4759 Vestrae
1092 4694 1153 4759 hac
1186 4700 1385 4780 tempestate
1413 4692 1676 4779 significandum
1709 4691 1788 4756 duxi
1821 4713 1888 4775 me,
1925 4694 2026 4780 idque

532 4800 633 4867 dubio
652 4801 768 4888 procul
797 4823 837 4865 ex
861 4801 1023 4887 singulari
1043 4811 1076 4866 et
1096 4801 1241 4867 auctoris
1262 4809 1296 4865 et
1319 4799 1445 4866 datoris
1465 4800 1628 4866 bonarum
1647 4819 1759 4864 rerum
1778 4798 1936 4866 omnium
1954 4822 2028 4888 pro·

533 4907 681 4973 videntia
703 4908 775 4991 Dei,
795 4907 837 4973 ill.
858 4906 1002 4995 principi
1022 4908 1157 4974 domino
1172 4908 1311 4974 Alberto
1326 4906 1492 4973 Radziwil
1511 4906 1587 4973 duci
1606 4906 1641 4970 in
1656 4905 1748 4971 Oliea
1762 4913 1796 4969 et
1810 4904 1842 4969 N
1844 4903 2029 4989 ieswiescz,

533 5016 574 5080 M.
599 5015 639 5080 D.
658 5015 696 5081 L.
721 5014 830 5080 curiae
853 5015 1059 5081 marschalco
1083 5023 1117 5079 et
1140 5014 1314 5102 capitaneo
1330 5014 1497 5081 Oaunensi
1516 5022 1576 5079 etc.
1596 5013 1703 5077 filiam
1722 5033 1833 5078 meam
1852 5023 1941 5081 natu
1960 5038 2029 5081 ma·

533 5121 644 5205 iorem,
668 5121 838 5187 dominam
852 5121 996 5206 Annam,
1016 5121 1212 5188 duodecima
1225 5120 1379 5188 Januarii
1394 5121 1448 5186 die
1467 5119 1546 5186 anni
1565 5118 1716 5207 proxime
1734 5118 1854 5205 futuri,
1875 5125 1923 5189 86
1938 5123 2031 5190 iuxta
