4775 6225
479 722 535 783 408

479 903 513 975 0.
557 903 673 975 statua
697 903 814 991 Batou
837 903 957 990 erdale
980 900 1227 991 zauuysuuau
1251 902 1431 974 sumam
1457 901 1632 992 productio

1445 1010 1675 1098 Niepolomice
1705 1009 1859 1078 12V111
1886 1011 1989 1078 1585.

586 1206 669 1260 Arclr.
690 1207 805 1261 Gldwnc
831 1223 857 1259 w
881 1206 1059 1269 Warsrawie.
1087 1206 1174 1260 Metr.
1202 1206 1259 1260 hor.
1278 1219 1332 1271 131
1356 1204 1565 1273 s25o'-25r'.
1593 1205 1755 1273 Naglo'wck:
1783 1204 1988 1260 Grodacensia

481 1295 662 1365 praefectura
690 1294 779 1350 illst
806 1312 883 1366 mag.
912 1294 1080 1366 Zamcyslry
1101 1294 1136 1351 R.
1157 1295 1188 1351 P.
1208 1295 1380 1350 cancellario
1407 1296 1564 1350 confertur.
1591 1294 1740 1366 Prayws'lej
1765 1312 1805 1348 na
1833 1298 1988 1348 starostno

478 1384 619 1451 grodeckic
645 1384 803 1455 (pergamis
821 1386 1006 1455 spiccsfciq)
1033 1384 1196 1455 znajdouat
1211 1388 1251 1453 π’(
1277 1386 1358 1452 engi!
1373 1401 1399 1438 a
1417 1383 1492 1441 Bibl.
1514 1384 1583 1438 Ord.
1602 1384 1679 1438 Zara.
1713 1383 1874 1454 Wspomina
1893 1399 1912 1437 o
1931 1389 1986 1451 ιγιι

481 1470 667 1540 Sraorsyaski
683 1489 709 1525 w
727 1475 784 1544 rkp.
812 1473 887 1526 Bibl.
907 1473 984 1526 Zam.
1013 1489 1051 1526 nr
1067 1485 1145 1539 1507
1171 1475 1196 1527 k.
1215 1486 1276 1530 211.
1303 1474 1433 1527 Ponadto
1459 1478 1549 1541 regest
1570 1474 1718 1543 iclarcctpt
1743 1489 1768 1525 ro
1796 1472 1873 1525 Bibl.
1903 1473 1985 1526 Zau.

481 1558 542 1615 Ser.
562 1560 621 1623 ΙΙΙ,
650 1562 708 1623 Η,
729 1578 767 1614 nr
783 1575 838 1616 110
866 1562 910 1631 byl
933 1579 958 1614 w
976 1578 1008 1614 ro.
1028 1562 1103 1616 XIX
1129 1564 1276 1630 wykonany
1294 1579 1310 1615 a
1328 1567 1402 1630 tegas
1427 1562 1582 1631 oryginalu.
1612 1561 1750 1630 Orygr'nal
1766 1567 1810 1615 ten
1828 1563 1885 1634 jus
1905 1579 1934 1613 ro
1952 1578 1985 1615 υ.

482 1648 557 1703 XIX
575 1650 699 1721 zaginql.

590 1844 780 1934 Stephanus
822 1852 882 1912 etc.
925 1844 1167 1932 significamus
1208 1853 1269 1913 etc.
1311 1845 1397 1911 Cum
1428 1846 1473 1913 ill.
1510 1854 1544 1912 et
1579 1869 1668 1933 mag.
1708 1847 1879 1913 Joannem
1917 1848 1983 1913 Za-

482 1952 617 2037 moyski
649 1953 690 2018 de
713 1952 907 2019 Zamosczie
939 1952 1174 2018 cancellarium
1206 1959 1241 2018 et
1263 1952 1469 2019 exercituum
1497 1954 1611 2040 Regni
1642 1952 1750 2019 nostri
1782 1953 1983 2039 generalem

483 2058 806 2146 Oracoviensemque
829 2068 890 2126 etc.
914 2058 1135 2146 capitaneum,
1167 2080 1246 2125 suos
1269 2058 1305 2124 in
1328 2060 1450 2146 Regno
1482 2068 1599 2127 nostre
1630 2060 1850 2146 magistratus
1875 2082 1984 2147 eaque

484 2166 599 2233 munia
621 2166 785 2233 sustinere
807 2166 991 2251 videamus,
1014 2188 1100 2253 qnae
1121 2166 1240 2233 uberes
1263 2166 1391 2233 reditus
1414 2167 1594 2254 requirent,
1618 2189 1680 2233 nec
1702 2167 1887 2234 ullomodo
1912 2189 1984 2234 non

484 2271 656 2360 impensis,
680 2273 869 2360 sumptibus
892 2272 1128 2359 grandioribus
1160 2273 1226 2339 rite
1257 2272 1349 2339 obire
1382 2273 1522 2361 possint,
1555 2296 1664 2360 neque
1694 2273 1837 2340 velimus
1867 2274 1984 2340 virum

485 2401 616 2447 summa
637 2380 764 2447 virtute
786 2380 985 2468 praeditum,
1008 2401 1224 2466 summosque
1246 2379 1464 2467 magistratus
1487 2389 1672 2467 gerentem,
1687 2402 1819 2468 quoque
1838 2388 1873 2447 et
1891 2382 1985 2448 velle

484 2493 520 2553 et
541 2508 640 2575 posse
663 2487 705 2553 de
727 2486 898 2574 republica
920 2486 1033 2573 Regni
1057 2487 1164 2552 nostri
1187 2486 1401 2574 benemereti,
1434 2496 1643 2575 compertum
1676 2487 1835 2554 habemus
1865 2510 1984 2576 sump-

485 2600 581 2660 tuum
612 2593 726 2681 inopia
749 2594 790 2659 ab
813 2593 953 2680 agendis
986 2592 1328 2680 administrandisque
1359 2593 1520 2679 gravibus
1553 2593 1668 2679 Regni
1698 2594 1806 2662 nostri
1828 2594 1983 2681 negotiis

486 2701 628 2785 evocari,
661 2700 851 2766 iaciendum
881 2700 979 2767 nobis
1011 2722 1084 2767 esse
1112 2700 1278 2786 duximus,
1300 2709 1339 2767 ut
1361 2700 1397 2766 in
1420 2701 1667 2789 praefecturam
1694 2701 1947 2768 Grodeeensem
1964 2705 1986 2784 ¹)

486 2814 626 2896 propter
648 2806 795 2893 aliquam
818 2806 1044 2873 accessionem
1066 2807 1244 2893 redituum,
1268 2830 1351 2894 quos
1375 2808 1593 2896 Reipublicae
1616 2808 1762 2895 negotiis
1785 2809 1986 2895 impendere

486 2913 603 3003 possit,
617 2922 694 3002 post
707 2921 850 2981 mortem
872 2914 1000 3000 mag-ci
1018 2913 1100 2980 olim
1117 2914 1248 2981 Nicolai
1266 2936 1287 2979 a
1304 2915 1442 2981 Mielecz
1469 2922 1634 2981 terrarum
1652 2915 1812 2982 Podoliae
1839 2916 1985 3002 palatini

487 3021 530 3088 ad
554 3020 807 3109 dispositionem
820 3027 971 3087 nostram
991 3021 1192 3107 devolutam,
1212 3021 1283 3087 inre
1302 3020 1494 3089 advitalicio
1514 3022 1668 3088 daremus
1687 3029 1722 3088 et
1740 3021 1985 3107 conferremus,

487 3127 537 3196 uti
570 3128 705 3216 quidem
736 3128 922 3216 praesentis
949 3128 1070 3194 litteris
1094 3128 1219 3196 nostris
1251 3129 1370 3195 damus
1394 3137 1428 3195 et
1451 3129 1689 3216 conferremus,
1707 3151 1747 3196 ea
1770 3130 1909 3213 ratione,
1944 3140 1985 3196 ut

488 3259 562 3304 eam
585 3242 656 3303 toto
679 3236 769 3303 vitae
788 3258 867 3302 suae
890 3243 1042 3324 tempore
1070 3257 1147 3302 cum
1170 3235 1326 3303 omnibus
1358 3236 1571 3324 pertinentiis
1595 3237 1637 3302 ad
1660 3258 1734 3302 eam
1767 3258 1811 3303 ex
1839 3237 1984 3322 antiqno

488 3343 726 3432 spectantibus,
736 3343 891 3409 omnibus
902 3344 983 3409 item
993 3343 1223 3431 proventibus,
1233 3342 1396 3428 censibus,
1407 3343 1673 3428 obventionibus,
1683 3343 1855 3427 reditibus,
1865 3345 1984 3410 fructi·

488 3452 609 3536 bus,ac
622 3451 823 3517 utilitatibus
846 3450 1022 3535 universis,
1044 3450 1146 3515 nullis
1169 3451 1304 3537 penitus
1328 3452 1485 3538 exceptis,
1504 3473 1613 3536 neque
1632 3450 1727 3517 nobis
1748 3459 1805 3516 aut
1824 3451 1984 3536 cuiquam

488 3559 675 3642 reservatis,
699 3567 770 3624 toto
793 3558 883 3623 vitae
906 3580 985 3623 suae
1009 3567 1159 3645 tempore
1182 3566 1302 3642 teneat,
1327 3558 1456 3640 habeat,
1480 3558 1658 3645 possideat,
1686 3581 1790 3644 eaque
1818 3559 1930 3644 quiete
1952 3568 1986 3624 et

489 3667 631 3755 pacifice
662 3666 712 3730 uti
739 3666 879 3731 fruatur.
917 3665 1076 3744 Quartam
1100 3672 1211 3730 autem
1243 3672 1372 3751 partem
1397 3664 1564 3729 redituum
1588 3688 1629 3729 ex
1652 3687 1690 3730 oa
1713 3665 1985 3752 provenientium

490 3773 678 3860 quotannis,
702 3772 773 3837 loco
802 3781 836 3837 et
859 3781 1009 3858 tempore
1033 3770 1328 3837 constitutionibus
1361 3771 1577 3858 praescripto,
1600 3772 1801 3858 reipublicae
1834 3773 1986 3858 pendere

489 3880 665 3946 tenebitur.
690 3880 759 3945 Nos
783 3887 895 3943 autem
913 3878 1142 3965 promittimus
1161 3877 1265 3945 verbo
1284 3887 1399 3944 nostro
1418 3879 1521 3963 regio,
1541 3901 1649 3964 neque
1667 3901 1737 3960 nos,
1761 3902 1869 3964 neque
1893 3902 1984 3944 sere-

489 3987 646 4054 nissimos
681 4009 888 4053 successores
920 3996 1054 4052 nostros
1087 3985 1230 4051 eundem
1263 3985 1307 4051 ill
1341 3995 1375 4050 et
1406 4008 1493 4071 mag.
1527 3986 1688 4051 Ioannem
1729 3987 1911 4071 Zamoyski
1943 3988 1986 4052 de

491 4093 692 4176 Zamosczie,
717 4094 825 4177 quoad
853 4093 888 4157 in
911 4092 1000 4157 vivis
1033 4092 1144 4175 fuerit,
1168 4115 1242 4157 esse
1274 4093 1316 4157 de
1339 4092 1532 4178 possesione
1556 4093 1785 4179 capitaneatus
1819 4094 1986 4179 praedicti

492 4200 714 4266 Grodecensis
739 4199 932 4283 dimotures,
956 4221 1115 4264 neceam
1139 4200 1246 4287 ipsam
1271 4201 1493 4285 autaliquem
1516 4201 1605 4264 illius
1629 4210 1768 4287 partem,
1792 4201 1917 4286 quidve
1942 4202 1986 4266 ad

492 4330 565 4374 eam
588 4330 629 4372 ex
652 4307 789 4392 antiquo
808 4308 982 4394 pertineat,
1002 4307 1216 4393 quantumuis
1235 4307 1333 4392 gravi
1352 4315 1467 4372 nostra
1485 4317 1543 4372 aut
1561 4307 1763 4395 reipublicae
1782 4308 1986 4373 necessitate

492 4414 533 4480 ab
557 4414 630 4500 ipso
654 4413 864 4497 alienaturos,
888 4436 996 4500 neque
1020 4414 1090 4478 eius
1114 4414 1161 4478 rei
1186 4413 1332 4500 cuipiam
1355 4422 1556 4500 potestatem
1580 4414 1738 4498 facturos,
1762 4415 1820 4479 sed
1841 4414 1871 4479 ei
1892 4415 1986 4501 quie·

492 4529 563 4586 tum
583 4520 818 4605 integrumque
837 4520 907 4584 eius
926 4520 1174 4584 usumfructum
1192 4519 1398 4605 liberamque
1422 4520 1650 4607 possesionem
1665 4528 1698 4586 et
1712 4544 1773 4587 nos
1789 4532 1822 4585 et
1839 4543 1987 4586 ser-mos

493 4648 700 4693 successores
715 4637 847 4692 nostros
863 4635 1099 4712 praestaturos
1119 4625 1384 4712 inviolatumque
1402 4626 1453 4691 ius
1474 4626 1697 4692 advitalitium
1717 4635 1987 4712 conservaturos

492 4734 619 4801 iuribus
643 4734 766 4799 nostris
790 4734 958 4819 regalibus
978 4743 1012 4798 et
1030 4733 1248 4820 Reipublicae
1271 4733 1372 4798 salvis
1396 4733 1520 4798 ibidem
1543 4734 1728 4799 manendis.
1752 4734 1793 4798 In
1817 4734 1913 4799 euius
1935 4735 1986 4800 rei

492 4841 598 4906 fidem
621 4849 698 4906 ete...
732 4841 839 4906 Datae
871 4840 1117 4927 Niepolomitiis
1150 4839 1205 4904 die
1240 4844 1280 4905 12
1304 4839 1428 4904 mensis
1460 4839 1553 4922 Julii,
1586 4863 1675 4907 anno
1707 4841 1846 4907 Domini
1890 4846 1988 4925 1585,

493 4948 607 5036 Regni
629 4948 737 5015 nostri
761 4948 898 5014 decimo.
923 4947 1115 5034 Stephanus
1139 4969 1198 5012 rex
1222 4954 1285 5034 spt.
1299 4949 1330 5029 ²}
