4775 6225
544 732 598 789 484

546 893 707 980 stophoro
731 890 968 958 Komorowski
991 888 1206 974 Sandecensi,
1232 888 1372 956 Nicolao
1395 888 1524 976 Ligeza
1556 888 1598 955 de
1619 888 1769 957 Bobrek
1795 889 2009 973 Wislicensi
2033 899 2059 957 et

544 998 719 1087 capitaneo
732 998 889 1065 Biecensi
916 995 1239 1085 Zydacoviensique,
1258 995 1397 1063 Nicolao
1416 995 1550 1083 Fierley
1567 996 1611 1063 de
1623 996 1890 1065 Dambrovvica
1904 997 2057 1081 Biecenai,

543 1105 770 1173 referendario
789 1104 901 1171 curiae
914 1103 1037 1191 Regni,
1056 1102 1232 1190 capitaneo
1246 1103 1364 1170 Novae
1382 1100 1540 1169 civitatis
1558 1103 1722 1190 Korczyn
1743 1112 1786 1171 et
1805 1103 2057 1188 Kazimiriensi,

544 1212 692 1299 Georgio
715 1210 867 1279 Mniszek
896 1211 939 1278 de
966 1211 1092 1296 Magne
1114 1210 1299 1297 Kuncnyoe
1329 1208 1549 1276 Radomiensi
1581 1218 1615 1276 et
1646 1210 1843 1297 capitaneo
1882 1211 2055 1280 Βωοοωιῗ

544 1318 802 1404 Socaliensique,
815 1317 841 1384 J
841 1339 949 1384 oanne
967 1316 1200 1404 Mysakowski
1218 1316 1447 1402 Zarnoviensi,
1465 1316 1490 1383 J
1491 1338 1600 1383 oanne
1617 1316 1806 1385 Ossovvski
1825 1318 2054 1402 Polanecmd,

542 1423 740 1492 Hieronimo
764 1447 784 1491 a
805 1424 925 1491 Mielec
948 1422 1188 1490 czechoviensi
1207 1431 1240 1489 et
1260 1422 1435 1510 capitaneo
1453 1423 1626 1489 Brestensi
1643 1423 1681 1489 in
1699 1423 1872 1507 cniavia,
1894 1425 2052 1494 Seniano

544 1531 740 1598 coetomelri
763 1531 805 1598 de
827 1530 992 1598 Letenice
1016 1529 1277 1599 Sochacoviensi
1300 1537 1334 1596 et
1356 1529 1533 1617 capitaneo
1552 1530 1711 1616 Ravensi,
1729 1532 1760 1598 J
1760 1554 1890 1600 oanne
1911 1534 2052 1601 Talvcsr

543 1637 759 1726 Samogitiae,
777 1638 889 1706 curiae
907 1637 1025 1725 Magni
1047 1637 1198 1704 Ducatus
1221 1636 1423 1704 Lithuaniae
1442 1637 1659 1723 marschalco,
1677 1640 1907 1727 castellanis,
1928 1642 2053 1710 Anne

543 1745 720 1834 Opalinski
752 1746 794 1812 de
825 1745 918 1811 Bnin
950 1767 1106 1833 supremo
1139 1744 1253 1831 Regni
1285 1744 1393 1811 nostri
1424 1743 1631 1811 marschalco
1663 1752 1698 1811 et
1720 1748 1896 1831 generali
1926 1748 2053 1816 Maianis

542 1852 702 1919 Poloniae
725 1853 908 1941 capitaneo,
939 1853 1055 1919 Leone
1078 1851 1225 1940 Sapieha
1247 1852 1366 1939 Magni
1388 1851 1538 1920 Ducatus
1561 1851 1740 1919 Lituaniae
1766 1853 2053 1924 vicecancellaiio

542 1967 577 2026 et
600 1961 774 2048 capitaneo
798 1960 1012 2045 Sionimensi,
1035 1960 1137 2026 Petro
1161 1959 1295 2047 Tylicki
1321 1960 1515 2047 praeposito
1538 1959 1739 2042 cremensi,
1775 1963 1960 2031 canonico
1983 1964 2053 2031 cte

542 2067 700 2153 covienei,
724 2067 903 2134 secretario
935 2067 1070 2152 maiore,
1101 2066 1235 2134 Joanne
1268 2065 1467 2134 Tamovski
1499 2066 1727 2153 cracoviensi,
1767 2068 2052 2153 Vladislaviensi,

542 2173 756 2240 Lancicienei
801 2173 1101 2260 Krusvieiensique
1131 2174 1333 2261 praeposito,
1355 2174 1583 2241 referendario
1614 2173 1726 2240 curiae
1758 2175 1900 2264 Regni,
1926 2178 2052 2246 Joanua

542 2280 747 2347 Piotrovski
766 2281 893 2347 decano
910 2279 1143 2361 Poenaniensi‚
1161 2281 1300 2348 custode
1320 2280 1593 2366 Sandomiriensi,
1607 2279 1815 2350 scholastico
1828 2284 2050 2353 Lanciciensi

542 2396 577 2453 et
600 2387 761 2454 canonico
794 2387 1018 2472 cracoviensi,
1049 2390 1180 2454 Joanne
1203 2387 1411 2474 Galczynski
1443 2394 1579 2455 cantore
1611 2388 1817 2475 Gnesnenai,
1841 2391 2049 2460 scholastico

542 2493 802 2560 Vledislaviensi
833 2501 867 2560 et
890 2494 1049 2561 canonico
1082 2493 1298 2576 cracoviensi
1329 2494 1517 2561 secretariis
1548 2495 1683 2579 nostris,
1714 2495 1864 2565 Nicolao
1901 2500 2046 2588 Zebrry·

541 2601 673 2668 dovski
695 2600 845 2687 generali
868 2600 1084 2668 cracoviensi
1107 2601 1426 2689 Boleslavionsique,
1450 2601 1647 2669 Sebastiano
1669 2602 1902 2672 Lubcmirski
1926 2607 2045 2675 Dobci·

541 2706 654 2793 cienei,
677 2707 858 2773 salinarum
877 2708 1149 2775 Oracoviensium
1172 2709 1352 2797 praefecto,
1371 2708 1540 2775 Stanislao
1558 2708 1819 2776 Lanokoronski
1837 2711 1887 2779 de
1908 2713 2043 2781 Brneaie

543 2813 698 2880 Skalenei
717 2813 911 2901 capitaneis,
929 2813 1097 2881 Stanislac
1115 2815 1321 2902 czykowski
1340 2816 1382 2883 de
1400 2816 1628 2903 Woyslawice
1645 2815 1880 2904 cracoviensi,
1896 2820 2043 2908 Georgio

541 2921 784 2987 Radoszewski
810 2921 905 2988 Boxa
927 2922 1123 2989 Vielunensi
1155 2923 1417 3006 auocamerariis3
1446 2925 1581 2991 Joanne
1604 2923 1778 3008 cajeweki
1803 2926 2042 3010 Posnaniensi,

541 3025 654 3094 Felice
668 3026 807 3093 czerski
821 3027 1046 3116 cracoviensi,
1060 3029 1260 3097 Sventoelac
1275 3030 1427 3097 Orzelski
1442 3030 1628 3116 celieiensi,
1647 3029 1820 3098 Stanislao
1833 3034 2041 3101 Karsanicki

541 3134 734 3220 Siradienei,
754 3138 855 3204 Petro
870 3136 1004 3203 Strzele
1021 3138 1209 3206 Zatoriensi
1228 3139 1393 3206 iudicibus
1412 3138 1626 3206 terrestribus
1645 3149 1679 3205 et
1697 3138 1772 3205 aliis
1791 3141 1915 3208 multia
1934 3165 2040 3209 secre

541 3241 644 3326 tariie,
668 3242 873 3309 officialibus
896 3253 930 3310 et
953 3245 1069 3310 aulicis
1092 3245 1227 3330 nostris,
1249 3255 1415 3312 terrarum
1434 3268 1515 3313 vero
1537 3246 1665 3312 nuntiis
1693 3246 1851 3314 omnibus
1877 3250 1924 3315 ad
1947 3272 2038 3337 prae-

541 3357 671 3415 sentem
704 3359 907 3417 conventum
939 3352 1164 3440 congregatis.
1219 3353 1344 3419 Datum
1377 3376 1438 3441 per
1471 3375 1590 3420 manus
1622 3353 1799 3420 reverendi
1831 3355 1870 3421 in
1905 3356 2040 3423 Christo

541 3455 646 3542 patris
680 3456 808 3522 domini
841 3455 970 3523 Alberti
1002 3458 1223 3525 Baranoweki
1256 3459 1406 3548 episcopi
1429 3460 1693 3543 Praemislensis
1726 3462 1841 3547 Regni
1876 3464 2040 3530 Poloniae

539 3562 809 3629 vicecancellarii.
835 3563 1071 3649 sigismundus
1095 3566 1169 3631 Rex
1191 3567 1241 3648 (L.
1259 3567 1303 3644 S.)
1327 3568 1448 3633 Petrus
1473 3568 1607 3652 'l'ylicki
1632 3567 1663 3633 S.
1680 3568 1723 3632 M.

649 3815 668 3879 ¹)
695 3811 790 3865 chra
818 3813 963 3867 Kraeszo'w
981 3817 993 3866 i
1011 3813 1111 3868 lamet
1139 3815 1227 3881 leraly
1251 3832 1276 3867 ac
1302 3817 1361 3885 τινα).
1384 3817 1495 3877 ruskim,
1522 3819 1603 3869 ziemi
1619 3816 1799 3885 przemyskiej
1824 3820 1836 3868 i
1863 3818 2037 3889 obejmowaly

534 3899 668 3969 po'lnccny
682 3908 736 3969 pas
748 3905 873 3969 pcaciatu
887 3905 1108 3972 praemorskiego.
1129 3904 1264 3971 Skiadaly
1277 3909 1316 3971 sig
1333 3922 1348 3956 z
1364 3920 1398 3971 14
1414 3908 1466 3957 των·
1479 3909 1491 3957 i
1505 3909 1606 3958 rniasta
1630 3905 1818 3972 Tarncgrodu.
1839 3905 2034 3974 (Tarnawski‚

538 4003 562 4043 c.
581 4003 602 4042 c.
622 4005 644 4041 s.
668 3991 716 4056 19).
737 3990 802 4043 Por.
823 3991 884 4044 Vol.
904 3992 960 4064 leg.
979 3999 999 4046 t.
1020 3994 1051 4046 II
1071 4012 1092 4048 s.
1113 3995 1174 4048 267.

647 4077 747 4146 Strong
771 4078 924 4151 politycan
952 4083 989 4153 tej
1006 4084 1118 4153 donacji
1144 4100 1211 4137 craz
1238 4084 1357 4153 opozycjg
1375 4089 1495 4154 pracciw
1516 4085 1573 4154 niej
1605 4082 1745 4137 oiwictlil:
1771 4082 1901 4154 Lepszy,
1934 4086 2032 4140 Walka

540 4166 721 4233 strcnnictw‚
741 4185 763 4220 s.
785 4171 843 4222 122.

539 4557 593 4627 ³0.
638 4559 843 4645 Prolaatacle
868 4562 1101 4649 zaaoysauoo
1127 4563 1263 4649 ortecle
1286 4564 1407 4633 lanuvi
1435 4563 1613 4650 flotarius!

1584 4672 1768 4758 Praemysl,
1792 4676 1836 4739 29
1859 4674 1915 4740 III
1944 4678 2028 4743 1588.

647 4899 729 4953 Arci.
759 4900 882 4952 Paristw.
911 4915 950 4952 we
973 4901 1097 4963 Lwowie,
1120 4902 1218 4955 Indue.
1247 4903 1295 4956 rel.
1320 4908 1403 4956 castr.
1428 4904 1517 4957 Frena.
1550 4908 1568 4957 1.
1588 4916 1647 4970 504
1675 4921 1696 4956 s.
1715 4904 1846 4970 546-7:
1874 4906 1983 4960 Actum
2005 4905 2028 4957 in

539 4991 635 5039 castro
655 4987 819 5044 Promisit.
839 4991 855 5043 3
874 4996 949 5059 post.
970 4988 1142 5044 dominicam
1161 4990 1287 5045 Laetare
1308 4994 1385 5048 1588.
