4775 6225
1866 775 1902 834 89

408 931 508 1004 titt.
555 933 725 1023 lauant!
750 934 790 1005 dc
814 933 935 1006 mlada
959 934 1121 1022 dietate,
1143 936 1199 1007 tel
1223 937 1263 1008 de
1287 938 1415 1010 radetur
1439 937 1590 1028 pruskict
1614 959 1642 1010 w
1667 939 1830 1013 tritam

1529 1047 1621 1132 een,
1647 1051 1685 1115 ιτ
1709 1048 1782 1114 ΧΠ
1808 1050 1902 1117 isse.

536 1259 771 1324 Zawiadamia
795 1282 812 1323 o
834 1260 963 1325 tmt'erci
984 1261 1073 1325 kro'la
1097 1261 1112 1323 i
1132 1263 1255 1344 wysylo
1278 1266 1319 1327 do
1344 1264 1500 1328 Gdartska
1523 1264 1762 1328 Heidensteina.

514 1473 560 1526 Do
580 1472 727 1527 Gdariska:
745 1472 827 1526 Arci.
847 1472 969 1526 Paristw.
988 1490 1014 1524 w
1034 1473 1167 1526 Gdarisku
1183 1487 1291 1539 300‚52
1311 1491 1349 1527 nr
1369 1488 1430 1542 791.
1460 1476 1540 1545 Oryg.
1560 1495 1575 1530 z
1594 1478 1820 1548 wtmorfcsnym
1833 1482 1901 1551 pod-

400 1565 497 1632 pirem,
511 1564 657 1634 piasqtkq
675 1568 688 1616 i
704 1564 829 1633 awyklym
848 1565 977 1617 adrescm.

513 1653 560 1708 Do
577 1656 687 1708 rudecto
700 1654 832 1724 pmkich
846 1671 871 1707 w
884 1652 1041 1709 Krdlcwcu:
1060 1653 1179 1709 Pruskic
1197 1654 1279 1708 Arch.
1298 1655 1422 1708 Potistia.
1441 1674 1466 1708 w
1485 1656 1635 1712 Krdlewcu.
1656 1658 1786 1727 Herzogl.
1805 1660 1901 1729 Bn'cs·

402 1742 504 1797 arckic
528 1745 559 1797 B
566 1757 590 1797 2.
620 1743 701 1813 Oryg.
726 1762 742 1797 a
767 1744 993 1812 solamurecznym
1020 1746 1159 1814 todpabem.
1185 1743 1234 1797 Na
1259 1745 1392 1798 odwrccie
1416 1750 1562 1817 receptum:
1580 1748 1739 1818 praestitae
1757 1748 1899 1821 Konigsp.

402 1834 420 1888 b
440 1838 454 1890 1
475 1834 522 1890 87.

514 2031 721 2119 Spectabiles
744 2031 882 2098 Domini
905 2031 1004 2098 amici
1026 2030 1215 2099 honorandi
1225 2037 1260 2115 ἡ

513 2140 566 2205 De
598 2139 691 2206 obitu
721 2139 851 2226 Regiae
882 2139 977 2204 M-tis
1005 2138 1168 2227 principis
1192 2139 1272 2206 olim
1294 2140 1401 2206 nostri
1425 2140 1674 2208 clementissimi
1697 2165 1766 2209 non
1788 2143 1899 2209 minus

401 2248 635 2336 inexspectato
648 2251 679 2331 ¹),
693 2269 793 2334 quam
806 2246 905 2331 tristi,
919 2247 1001 2334 quin
1019 2269 1096 2313 oum
1114 2246 1177 2313 hac
1191 2248 1307 2313 literae
1319 2248 1465 2314 D·nibus
1479 2249 1609 2315 Vestris
1628 2250 1862 2332 spectabilibus
1872 2251 1901 2333 l³)

402 2356 599 2441 reddentur,
622 2357 689 2422 iam
712 2356 942 2442 cognoverint,
966 2355 1119 2422 dubitare
1141 2355 1226 2421 mihi
1248 2378 1318 2422 non
1341 2356 1461 2423 debere
1483 2356 1608 2424 videor.
1633 2357 1738 2424 Casus
1761 2358 1817 2425 hic
1839 2366 1901 2444 est,

402 2464 689 2551 quemadmodum
720 2485 781 2530 sua
808 2470 928 2551 sponte
950 2485 1013 2551 pro
1040 2464 1219 2552 prudentia
1241 2486 1302 2530 sua
1324 2464 1447 2530 rectius
1470 2465 1510 2531 D.
1534 2464 1674 2531 Vestrae
1697 2466 1900 2553 intelligunt,

401 2579 441 2637 ut
473 2594 529 2637 res
562 2572 698 2658 quidem
729 2593 790 2658 per
821 2593 858 2637 se
890 2571 1041 2656 dolende,
1072 2593 1142 2637 non
1174 2578 1244 2637 tam
1276 2572 1425 2638 dolorem
1454 2580 1575 2656 tamen,
1599 2595 1699 2659 quam
1722 2573 1899 2639 consilium

402 2687 508 2766 atque
527 2701 641 2745 curam
658 2678 861 2766 reipublicae
885 2701 969 2765 quae
992 2679 1028 2744 in
1051 2701 1119 2745 non
1143 2679 1217 2745 leve
1240 2678 1420 2746 discrimen
1443 2701 1484 2746 eo
1507 2680 1652 2747 adducta
1674 2680 1816 2766 videtur,
1839 2703 1898 2768 po·

403 2788 519 2854 stulet.
550 2787 635 2854 Cum
667 2796 778 2853 autem
810 2794 844 2853 et
875 2786 1063 2873 respublica
1095 2786 1177 2875 ipse,
1211 2794 1244 2852 et
1271 2786 1396 2873 privati
1418 2809 1480 2874 pro
1504 2809 1564 2854 suo
1588 2787 1661 2854 loco
1683 2787 1747 2854 hac
1770 2790 1899 2855 ratione

358 2891 507 2982 “''quam
526 2894 711 2961 rectissime
729 2896 871 2961 salutem
889 2894 1058 2982 publicam
1075 2901 1241 2979 tueantur,
1264 2895 1292 2960 si
1317 2895 1373 2982 qui
1394 2888 1545 2961 eiusdem
1568 2895 1769 2983 reipublicae
1792 2919 1899 2963 mem·

402 3002 465 3070 bra
498 3003 576 3087 sint,
607 3002 753 3069 rationes
786 3002 990 3089 consiliaque
1022 3024 1082 3067 sua
1109 3002 1169 3068 tali
1191 3009 1342 3090 tempore
1366 3025 1466 3089 quem
1489 3002 1632 3069 maxime
1655 3004 1899 3070 communicata

401 3111 561 3196 habeant,
579 3111 677 3178 mitto
696 3109 788 3177 hisce
807 3108 966 3176 derebus
989 3111 1033 3176 ed
1056 3109 1256 3197 spectabiles
1279 3111 1319 3177 D.
1342 3111 1481 3176 Vestras
1492 3116 1517 3189 ο)
1539 3133 1741 3196 generosum
1763 3111 1898 3177 Beinol-

402 3220 486 3285 dum
509 3218 838 3306 Heidensteniumd),
865 3217 1082 3284 secretarium
1094 3220 1126 3302 ²),
1154 3218 1212 3305 qui
1236 3219 1277 3284 de
1299 3228 1476 3305 praesente
1499 3241 1610 3284 rerum
1633 3227 1724 3284 statu
1747 3219 1898 3306 pluribus

403 3349 481 3392 cum
504 3326 651 3393 D-nibus
673 3325 805 3392 Vestris
828 3331 951 3412 agate).
974 3327 1017 3391 Ei
1040 3326 1154 3413 igitur,
1176 3334 1215 3391 ut
1238 3327 1392 3393 omnibus
1416 3327 1458 3391 de
1481 3326 1589 3410 rebus,
1613 3327 1654 3392 de
1678 3326 1798 3413 quibus
1821 3348 1897 3394 meo

401 3434 542 3501 nomine
574 3456 649 3500 cum
680 3433 747 3499 illis
780 3433 1039 3499 communicabit
1048 3433 1079 3517 ¹),
1112 3456 1277 3499 summam
1305 3433 1409 3500 fidem
1439 3456 1507 3500 non
1530 3456 1625 3500 secus
1650 3456 1750 3520 quam
1773 3434 1802 3500 si
1825 3434 1898 3521 ipse

401 3563 518 3607 coram
550 3564 627 3608 cum
650 3541 755 3622 illisa)
787 3563 922 3626 egerem
951 3540 1132 3607 adhibeant
1141 3540 1180 3626 11),
1203 3563 1264 3628 per
1286 3542 1495 3628 eundemque
1518 3541 1560 3607 de
1582 3540 1702 3607 iisdem
1725 3541 1823 3606 rebus
1847 3541 1896 3606 di·

401 3657 493 3715 serte
512 3649 712 3715 sententiam
731 3671 826 3714 suam
844 3647 928 3713 mihi
947 3647 1125 3732 declarent,
1144 3670 1236 3734 rogo
1260 3648 1336 3713 Erit
1354 3648 1398 3733 id,
1422 3648 1703 3735 quemadmodum
1726 3670 1790 3734 ego
1813 3648 1898 3713 mihi

401 3756 599 3844 persuadeo,
622 3778 684 3821 neo
706 3777 727 3821 a
750 3755 936 3822 communis
959 3746 1162 3842 reipublicae
1185 3756 1291 3821 salute
1315 3763 1415 3842 atque
1437 3755 1600 3839 libertate,
1623 3777 1685 3820 neo
1708 3778 1728 3820 a
1751 3755 1897 3820 civitatis

400 3886 440 3929 ec
473 3864 604 3929 D·num
636 3863 833 3928 Vestramm
865 3862 1050 3928 rationibus
1083 3862 1237 3946 alienum,
1270 3885 1352 3948 ques
1382 3861 1630 3949 quamoptime
1654 3861 1766 3927 valere
1790 3861 1896 3947 oupi0.

399 3971 507 4037 Belza
529 3971 584 4037 die
606 3970 745 4035 XVII-e
762 3970 887 4035 mensis
911 3969 1105 4035 Decembris
1130 3992 1218 4035 anno
1241 3970 1478 4036 LXXXVI-o.

510 4078 656 4166 Spect.
689 4079 729 4144 D.
762 4077 1030 4143 Vestrarum
1067 4076 1238 4143 amicus
1271 4078 1418 4165 obseq.
1450 4087 1640 4165 paratus
1673 4079 1790 4145 Ican
1823 4078 1896 4144 Za·

398 4185 570 4252 moiski
594 4185 907 4252 cancellarius
931 4192 974 4251 et
996 4184 1235 4272 generalis
1259 4207 1347 4274 cap.
1371 4208 1455 4274 sep.

512 4401 531 4464 ¹)
550 4398 650 4469 §lesan
668 4401 776 4468 Balcry
793 4400 886 4453 :mart
901 4417 927 4452 w
947 4399 1070 4453 Grodnie
1087 4413 1121 4453 ιε
1140 4400 1211 4455 XII
1224 4401 1308 4466 1586.

510 4493 531 4558 ¹)
550 4489 688 4544 Reinlwld
704 4490 894 4552 Heidenstcin,
912 4492 1051 4544 sckrctarz
1070 4489 1138 4545 krol.
1158 4493 1171 4543 i
1187 4506 1279 4558 anany
1295 4490 1423 4558 hutoryt.

509 4709 536 4774 ¹)
554 4707 598 4761 Do
622 4707 764 4761 Kro'lewca
790 4706 899 4778 Mag-ci
925 4712 956 4762 et
981 4707 1113 4778 generosi
1140 4706 1257 4761 Domini
1282 4707 1344 4762 d·ni
1368 4706 1452 4761 amioi
1470 4705 1733 4761 observandissimi.
1753 4739 1786 4746 —
1807 4707 1834 4775 b)
1852 4707 1896 4760 Dc

398 4793 546 4849 Krdlewca
564 4796 633 4850 brak
650 4795 864 4867 spectabilibus.
879 4829 912 4836 —
934 4800 957 4865 ο)
976 4798 1019 4850 Do
1039 4795 1180 4850 Kro'ltwca
1194 4795 1281 4850 rebus
1299 4795 1337 4850 ad
1354 4796 1449 4849 D·nes
1467 4795 1556 4849 etiem
1574 4795 1696 4849 Vestras
1713 4812 1846 4866 mag-ces
1864 4801 1895 4849 et

398 4885 580 4956 g[enerosas]
596 4902 796 4956 generosum...
811 4918 844 4924 —
865 4885 892 4954 d)
911 4887 954 4940 Do
968 4885 1110 4940 Krc'lcwca
1129 4885 1390 4940 Heidensteinium.
1406 4917 1439 4925 -
1460 4888 1484 4955 θ)
1501 4886 1545 4939 Do
1560 4884 1702 4939 Kro‘lewca
1721 4884 1833 4938 Vestris
1851 4885 1893 4937 fa·

397 4975 459 5029 ciet
485 4973 591 5044 lwyraz
617 4975 640 5027 b.
667 4974 835 5043 niecaytelny,
862 4975 948 5047 lekcja
973 4977 1127 5047 niepaewna]
1152 4992 1259 5046 easque
1284 4992 1350 5030 cum
1377 4974 1474 5031 Ill-mo
1493 4975 1620 5046 principe
1639 4973 1840 5029 communicet.
1858 4972 1895 5026 Ei

396 5063 517 5135 igitur...
545 5063 620 5134 Α)
645 5064 689 5118 Do
713 5064 856 5119 Kro‘lcwca
882 5064 998 5118 nomine
1021 5064 1077 5118 illis
1095 5069 1248 5135 proponet,
1267 5082 1436 5122 summam...
1456 5098 1488 5105 -
1509 5068 1536 5134 a)
1554 5065 1598 5118 Do
1616 5062 1758 5118 Kro'lcwca
1776 5065 1896 5117 samias!

397 5152 469 5209 illie:
485 5152 528 5207 iis.
545 5183 578 5193 -
597 5152 626 5222 h)
645 5153 687 5208 Po
700 5152 896 5209 adhibebeent
909 5169 935 5205 w
948 5151 1025 5207 la'tcie
1037 5155 1072 5207 do
1085 5153 1230 5209 Krdlewca
1244 5152 1280 5208 de
1293 5152 1453 5226 iisdemque
1467 5159 1499 5209 et
1512 5153 1592 5226 ipsae
1606 5170 1688 5208 suam
1706 5151 1894 5210 sententiam.
