4775 6225
505 750 559 804 tot

611 907 803 995 Stephanus
825 906 932 986 Deid)
953 903 1065 992 gratia
1082 925 1141 970 rex
1158 900 1363 982 Poloniaeb)
1379 914 1432 968 etc.
1456 900 1699 988 significamus
1721 900 2013 989 praesentibusss)

503 1014 598 1081 hisce
620 1013 764 1102 [litteris]
788 1034 930 1100 quorum
952 1011 1093 1077 interest
1114 1008 1282 1077 universis
1305 1016 1340 1075 et
1362 1008 1557 1095 siugulis¹⁴)

612 1121 709 1201 Quod
740 1142 816 1186 cum
840 1118 1086 1206 capitaneatum
1109 1115 1367 1184 Gracovieusem
1389 1114 1616 1204 superioribus
1628 1120 1656 1196 ⁸)
1677 1115 1775 1181 aunis
1811 1113 1946 1181 illustri
1977 1121 2010 1180 et

504 1227 699 1314 magnifico,
722 1227 851 1292 sincere
873 1225 970 1291 nobis
993 1224 1116 1291 dilecto
1138 1223 1264 1291 Joanui
1288 1221 1460 1289 Zamoislri
1478 1221 1593 1309 Regni
1610 1221 1718 1289 nostri
1736 1244 1906 1309 supremo
1931 1244 2007 1288 can·

505 1333 640 1401 cellario
671 1343 705 1399 et
727 1333 933 1399 exercituum
960 1330 1119 1419 generali,
1146 1328 1422 1417 Marieburgensi,
1449 1327 1692 1416 Kuyszynensi
1723 1337 1786 1396 cto
1825 1327 2008 1417 capitaneo

505 1448 622 1507 nostro
632 1442 661 1524 b)
691 1440 934 1523 detulissemus,
966 1438 1141 1524 eidemque
1163 1437 1301 1503 domum
1323 1436 1359 1501 in
1382 1458 1459 1502 arce
1481 1434 1704 1520 Cracoviensi,
1726 1435 1762 1501 in
1785 1457 1856 1522 qua
1877 1457 2006 1501 ser-ma

505 1546 673 1633 Hedvigis
709 1546 878 1633 quondam
920 1545 990 1612 divi
1028 1542 1240 1631 sigismundi
1278 1542 1380 1631 primi
1425 1542 1691 1631 praedecessoris
1736 1541 1892 1625 nostrib)
1934 1541 2007 1607 filia

505 1653 699 1738 habitasset,
722 1676 764 1719 ex
786 1654 928 1719 adverso
947 1652 1150 1740 capellarum
1168 1650 1240 1717 divi
1258 1649 1468 1736 sigismundi
1486 1658 1587 1737 atque
1608 1649 1732 1715 rev-mi
1746 1649 1830 1716 olim
1847 1648 2006 1737 Philippi

506 1760 712 1849 Padneviie)
743 1759 893 1848 episcopi
916 1758 1149 1825 cracoviensis
1172 1758 1310 1844 eiusque
1342 1757 1456 1823 lateris
1479 1756 1638 1823 ecclesiae
1664 1756 1869 1823 cathedralis
1894 1756 2006 1840 sitam,

507 1866 724 1951 dedissemus,
741 1868 798 1933 ille
816 1888 897 1933 vero
915 1866 952 1931 in
965 1864 1121 1931 aedilicia
1139 1865 1211 1931 eius
1229 1864 1265 1931 in
1284 1864 1455 1931 meliorem
1474 1864 1619 1930 formam
1636 1863 1822 1950 redigenda
1845 1872 2005 1952 sumptus

506 1973 652 2057 fecimet,
683 1974 747 2040 etsi
779 1975 822 2040 dc
853 1974 1066 2060 capitaneatu
1093 1970 1318 2055 Cracoviensi,
1345 1982 1384 2038 ut
1410 1993 1488 2037 eum
1519 1970 1556 2036 in
1587 1970 1730 2037 affinem
1760 1992 1861 2037 suum
1886 1992 2004 2057 geum

506 2080 682 2147 Nicolaum
718 2079 970 2147 Zebraidovslri
994 2078 1278 2166 Scepussiensem,
1308 2077 1660 2164 Boleslavieusemque
1691 2076 1911 2164 capitaneum
1949 2100 2006 2144 ce·

507 2187 587 2253 dere
608 2187 858 2274 transferreque
880 2186 945 2253 sibi
968 2186 1092 2271 liceret,
1111 2185 1176 2252 hoc
1193 2193 1346 2273 tempore
1362 2208 1384 2251 a
1401 2184 1499 2251 nobis
1518 2184 1726 2268 obtinuisset,
1743 2206 1806 2251 noe
1825 2185 1861 2250 in
1882 2185 2005 2251 domus

507 2301 620 2360 tamen
642 2293 714 2361 eius
736 2294 949 2381 possessione
962 2294 999 2377 a,
1020 2293 1145 2382 partim
1168 2302 1239 2360 tam
1260 2292 1442 2359 illustrium
1460 2292 1532 2359 eius
1550 2292 1587 2358 in
1605 2315 1667 2360 nos
1685 2314 1725 2358 ac
1741 2292 2005 2380 Rcmpublicam

507 2399 713 2484 meritorum,
735 2400 860 2488 partim
882 2400 1110 2488 impensarum
1132 2400 1169 2467 in
1191 2400 1285 2467 illam
1307 2400 1445 2467 domum
1468 2399 1509 2466 ab
1532 2422 1573 2465 eo
1595 2399 1760 2465 securum
1783 2398 1917 2465 ratione
1945 2399 2004 2465 ba·

507 2507 586 2591 bita,
609 2507 827 2573 nibilominus
859 2530 936 2574 eum
964 2508 1233 2574 conservandum
1255 2506 1531 2592 existimavimus,
1554 2506 1836 2593 quemadmodum
1863 2514 1901 2571 et
1924 2528 2006 2573 con·

508 2636 681 2681 servamus
700 2613 941 2701 praesentibus,
960 2636 1100 2701 eamque
1122 2637 1202 2681 cum
1219 2613 1312 2681 omni
1329 2613 1401 2680 eius
1419 2613 1500 2698 iure,
1518 2636 1581 2679 usu
1600 2635 1639 2679 ac
1657 2614 1771 2680 fructu
1788 2612 1832 2678 ad
1850 2622 2007 2679 extrema

507 2721 579 2787 eius
602 2720 693 2787 vitae
714 2727 868 2808 tempora
899 2720 1068 2805 utendam,
1090 2721 1269 2787 fruendam
1300 2721 1482 2787 tenendam
1513 2719 1817 2808 possidendamque
1840 2720 2006 2805 quemad·

508 2827 647 2895 modum
669 2837 776 2910 autea,
798 2827 885 2910 ita0)
910 2850 1001 2893 nunc
1023 2850 1156 2915 quoque
1177 2828 1228 2894 illi
1250 2828 1464 2895 conferimus.
1495 2827 1737 2894 Promittentes
1759 2826 1861 2893 verbo
1884 2835 2007 2894 nostro

508 2934 604 3020 regio
635 2956 698 3054 pro
729 2934 827 3000 nobis
859 2956 898 3000 ac
929 2934 1159 3001 succesoribus
1190 2934 1326 3020 nostris,
1357 2935 1447 3021 quod
1469 2957 1491 3000 a
1512 2934 1684 3023 praefatae
1715 2934 1834 3000 domus
1866 2955 1934 3000 usu
1966 2956 2007 3000 ac

509 3040 731 3130 possessione,
754 3040 888 3124 etiami)
910 3064 1119 3130 quocumque
1141 3064 1207 3109 usu
1228 3050 1345 3109 nostro
1366 3042 1567 3131 postulante,
1594 3063 1766 3128 nunquam
1788 3047 1904 3106 tamen
1927 3062 2007 3107 eum

508 3148 765 3234 removebimus,
787 3157 846 3215 aut
868 3172 1077 3216 successores
1099 3149 1209 3218 nostri
1230 3150 1460 3218 removebunt

614 3256 656 3321 Iu
680 3278 821 3342 quorum
845 3256 995 3322 omnium
1009 3263 1036 3337 ⁸)
1066 3257 1173 3324 fidem
1196 3259 1277 3331 acl)
1300 3256 1489 3323 evidentius
1518 3255 1748 3322 testimonium
1769 3254 1872 3320 hasce
1900 3277 2007 3321 manu

509 3370 625 3429 nostra
656 3363 915 3451 subscripsimus
948 3387 986 3430 ec
1018 3364 1130 3450 sigillo
1162 3364 1260 3451 regni
1300 3364 1408 3431 nostri
1440 3363 1639 3430 communiri
1671 3362 1839 3428 iussimus.
1876 3363 2006 3428 Datum

511 3469 701 3553 Oracoviae,
724 3470 779 3536 die
802 3475 840 3537 16
861 3470 988 3557 Aprilis
1012 3494 1100 3537 anno
1118 3472 1203 3537 D·ni
1226 3474 1320 3556 1585,
1338 3471 1436 3557 regui
1455 3494 1535 3537 vero
1558 3471 1665 3536 nostri
1688 3492 1786 3536 nono.
1809 3467 2005 3558 Stephanus

509 3580 583 3645 Rex
607 3580 714 3667 sptll)
733 3584 762 3660 ¹).

617 3817 638 3880 ¹)
663 3811 701 3864 W
713 3817 749 3883 te)
767 3817 886 3881 sprawz'c
904 3813 1096 3881 znachcdzimy
1106 3814 1214 3883 jcszcze
1232 3832 1257 3865 ar
1271 3814 1356 3867 Metr.
1372 3816 1428 3866 kor.
1445 3827 1497 3877 131
1511 3831 1533 3866 s.
1549 3827 1583 3877 14
1584 3827 1612 3877 5,
1628 3818 1694 3880 incy
1711 3814 1863 3873 dokumenl,
1883 3814 2006 3864 rctrnies

509 3901 554 3954 bez
573 3904 646 3967 daty,
665 3899 709 3954 ale
728 3902 919 3970 nicwqtpliwie
944 3904 1119 3972 matiejm'fcej
1143 3905 1329 3970 rc'wncczesny
1347 3904 1496 3973 spowytcj
1513 3903 1751 3971 opublikorcanym.
1780 3900 1852 3953 Nori
1869 3917 1904 3952 cn
1920 3901 2007 3967 tytul:

510 3989 593 4043 Idem
612 3990 798 4042 cancellarius
824 3990 853 4041 iu
872 3991 1039 4059 possesione
1065 3993 1161 4045 curiae
1186 3992 1311 4044 Rabstin
1330 4000 1528 4045 conservatur.
1562 3992 1714 4044 Dokument
1738 3995 1782 4042 ten
1808 3990 1942 4059 zncjdujc
1966 3993 2007 4057 sic

510 4081 587 4132 takte
605 4095 630 4129 w
648 4079 729 4131 Arch.
745 4080 863 4147 petisne.
887 4096 912 4131 w
930 4080 1084 4141 Krctcwie
1111 4081 1168 4134 loz.
1198 4082 1290 4135 Castr.
1318 4082 1399 4135 Grac.
1420 4087 1438 4133 t.
1459 4096 1493 4134 η
1517 4079 1827 4145 s.1,17,‹-5.Regrst:
1852 4078 2006 4132 Kutrzeba

510 4168 563 4230 St..
582 4169 696 4237 Dewny
716 4168 819 4237 zarzad
839 4170 981 4235 ll'awelu,
1001 4170 1130 4224 lloeznilr
1153 4172 1326 4225 Krakowski
1345 4171 1386 4224 l'l
1406 4190 1427 4224 s.
1448 4173 1490 4225 91.
1518 4171 1571 4224 Oto
1589 4176 1676 4238 regest
1694 4177 1751 4236 tego
1769 4173 1901 4236 drugr'cgo
1920 4172 2006 4222 deka-

510 4263 601 4310 noentu
621 4274 658 4309 na
672 4259 823 4325 pcdstawie
841 4259 965 4326 Meltyki
981 4263 1053 4313 ken:
1072 4260 1238 4330 Stephanus
1257 4267 1313 4315 etc.
1333 4261 1536 4331 Significamus
1555 4267 1610 4313 etc.
1631 4262 1703 4314 Cum
1722 4259 1801 4311 curia
1814 4256 2006 4311 arcisCraco·

511 4346 618 4399 viensis
637 4345 726 4415 vulgo
745 4345 887 4399 Rabstein
907 4336 992 4413 dicta,
1021 4355 1152 4419 tempore
1178 4350 1238 4402 divi
1266 4349 1443 4420 Sigismundi
1471 4350 1596 4420 Augusti
1624 4355 1729 4402 exusta
1757 4351 1843 4417 atque
1872 4346 1941 4399 inde
1968 4345 2005 4399 ad

510 4435 681 4489 vastitatem
700 4451 773 4503 pene
792 4435 911 4490 redacta
929 4446 1018 4506 esset,
1037 4457 1070 4492 ac
1089 4457 1158 4494 vero
1177 4457 1232 4493 nos
1250 4457 1372 4493 vacuam
1392 4457 1482 4492 eam...
1508 4439 1617 4494 Joanui
1636 4435 1809 4492 Zamoiski...
1836 4434 2005 4489 tradidisse·

510 4542 584 4589 mus,
602 4524 705 4593 illeque
725 4540 783 4577 non
802 4526 907 4594 exiguo
933 4546 998 4581 cum
1027 4537 1145 4599 sumptu
1173 4547 1238 4584 eam
1262 4530 1357 4583 denuo
1383 4536 1577 4583 restaurasset
1605 4534 1803 4597 ornassetque.
1841 4525 1906 4579 Iam
1936 4541 2006 4579 vero

511 4612 547 4666 de
566 4613 750 4680 capitaneatu
771 4613 964 4684 cracoviensi,
984 4626 1015 4670 ut
1035 4635 1101 4671 curn
1120 4620 1148 4671 in
1167 4636 1341 4689 generosum
1361 4618 1511 4672 Nicolaum
1533 4615 1776 4671 Zcbrzidowski...
1802 4614 1954 4685 resignare
1973 4631 2006 4668 ac

511 4704 668 4755 transferre
694 4700 908 4769 capitaneatum
928 4722 993 4759 eum
1022 4706 1076 4760 sibi
1103 4708 1203 4761 liceret
1231 4726 1248 4760 a
1276 4706 1360 4761 nobis
1385 4709 1579 4777 impetrasset,
1605 4723 1659 4759 nos
1684 4705 1789 4775 partim
1815 4702 2006 4773 singularium

618 4935 698 4998 Α-Α)
726 4933 795 4985 brak
813 4947 837 4981 rc
856 4931 951 4982 teklcr'c
978 4931 1076 4992 1-1)
1102 4939 1175 4979 102:
1203 4925 1425 4979 Cracoviensem
1448 4922 1590 4993 prioribus
1619 4923 1689 4991 —b)
1715 4921 1783 4974 brat
1801 4933 1876 4974 102:
1904 4919 2008 4990 prede·

511 5021 633 5076 cessoris
658 5021 829 5087 nostri-c)
856 5031 930 5072 102:
958 5015 1107 5070 Padnievii
1127 5016 1200 5078 —d)
1219 5032 1245 5067 w
1262 5029 1292 5070 2:
1307 5031 1386 5069 ...uos
1401 5014 1544 5068 tamenin
1562 5011 1741 5065 ciusdomus
1760 5009 1959 5079 possesione...
1976 5042 2007 5050 -

513 5116 538 5180 θ)
563 5128 588 5163 w
607 5125 638 5164 2:
667 5110 746 5164 illam
766 5141 799 5148 -
826 5111 890 5176 s)w
911 5122 943 5163 2:
961 5106 1138 5178 possesione,
1157 5122 1190 5158 ac
1210 5105 1325 5159 etiam...
1347 5135 1376 5142 —
1398 5108 1425 5171 a)
1444 5103 1513 5156 brak
1530 5119 1556 5155 w
1573 5114 1598 5155 2.
