4775 6225
491 668 528 729 60

492 833 604 901 sauri
635 857 759 901 sumus.
793 833 860 902 sea
892 834 934 901 ue
966 834 1020 901 ns
1052 834 1150 922 plura
1171 835 1453 924 neyeensenus.
1476 809 1618 903 neem
1641 835 1692 904 m.
1714 836 1805 923 Mag.
1828 835 1987 903 Vestram

492 964 569 1009 cum
596 943 647 1010 Ill.
675 942 818 1031 coniuge
841 966 910 1029 sue,
933 952 968 1010 et
990 943 1020 1010 si
1043 966 1109 1031 qua
1131 966 1173 1010 ex
1195 968 1235 1012 ea
1257 953 1317 1030 est,
1339 953 1378 1012 ut
1401 967 1574 1033 speramus
1597 944 1738 1029 soboles,
1760 943 1987 1032 prosperrime

491 1050 604 1117 valere
627 1059 661 1117 et
683 1051 872 1118 diutissime
893 1051 1038 1119 florente
1061 1051 1176 1119 vivere
1199 1061 1363 1141 optamus
1386 1052 1620 1140 Regiomonte

494 1372 591 1443 1141.
637 1371 806 1460 lantrat!
831 1373 871 1444 to
897 1373 1002 1445 Pistre
1025 1372 1210 1464 Iytlckisuo
1593 1374 1744 1460 Zamoso,
1768 1377 1811 1443 23
1833 1374 1867 1442 V
1893 1377 1987 1444 1586.

1024 1573 1137 1638 Poleca
1154 1584 1188 1657 p.
1212 1573 1456 1655 Krzywcsycka.

598 1767 673 1820 Bibl.
685 1755 763 1821 'Orat
783 1766 860 1821 Zam.
879 1782 931 1821 ser.
950 1769 974 1823 I
981 1767 1022 1837 pl.
1041 1782 1059 1821 r
1077 1784 1115 1820 nr
1127 1781 1171 1834 14.
1194 1765 1276 1836 Oryg.
1296 1784 1311 1819 z
1330 1767 1476 1837 depisks'em
1495 1767 1658 1837 ipcdpr'sm
1676 1765 1914 1834 clamosam.
1928 1769 1987 1836 pie·

490 1858 589 1927 csqtkq
602 1860 615 1911 i
627 1858 749 1911 adrescm
769 1857 835 1928 (jak
848 1874 873 1910 w
886 1857 964 1911 litae
980 1874 996 1911 s
1015 1870 1048 1912 12
1075 1857 1114 1929 W.
1133 1856 1182 1911 Na
1201 1858 1334 1911 odwrocr'e
1351 1859 1464 1927 sapis-ka
1482 1857 1575 1911 kann.-
1593 1854 1617 1909 Z
1636 1853 1789 1910 Zamoscis
1808 1854 1835 1911 d.
1854 1856 1889 1911 23
1907 1855 1989 1927 May.

598 2036 739 2124 M-ciwy
756 2036 879 2122 Ksiete
898 2035 1107 2103 Sekretarnu
1126 2035 1334 2122 Zaleciwszy
1357 2033 1616 2123 prnyjacielskie
1638 2033 1732 2119 checi
1755 2056 1824 2100 swe
1845 2033 1987 2102 ’ΝΜ-οἰ.

487 2126 490 2134 ’
596 2143 683 2211 Puni
705 2144 983 2232 Krzywcnyczka
1005 2168 1024 2209 a
1043 2145 1145 2212 domu
1167 2143 1446 2212 Uhrowieozkich
1460 2146 1483 2225 ¹)
1506 2165 1562 2208 ma
1584 2164 1716 2230 sprawe
1738 2163 1808 2225 swa
1830 2165 1849 2206 z
1872 2141 1988 2208 Elbie·

489 2255 639 2338 tenya),
671 2252 769 2336 ktore
799 2251 846 2337 jej
879 2252 1035 2338 jakiemis
1067 2252 1238 2340 kepcjami
1261 2251 1273 2317 i
1296 2249 1479 2338 dylacjami
1502 2249 1619 2316 swemi
1641 2248 1829 2334 zwiaczaju
1861 2249 1989 2335 Prosze

490 2359 573 2445 tedy
600 2359 727 2426 wir-oi
749 2359 862 2448 pilnie,
885 2359 970 2447 abys
993 2359 1038 2446 jej
1063 2360 1155 2427 WM„
1178 2382 1343 2447 pomocen
1365 2358 1432 2445 byc
1454 2357 1572 2443 raczeI,
1594 2355 1722 2444 jakoby
1744 2378 1845 2444 prnez
1868 2356 1989 2423 dekret

489 2466 550 2532 Kr.
568 2466 677 2533 JMci
696 2467 831 2550 slusnna
850 2466 1132 2555 sprewiedliwott
1150 2468 1287 2535 odniesc
1304 2465 1427 2552 megia
1450 2466 1478 2531 Z
1501 2472 1571 2531 tem
1593 2462 1642 2530 sie
1664 2470 1816 2552 powtore
1837 2485 1870 2529 w
1891 2462 1987 2530 iaske

490 2572 618 2639 WMci
640 2574 795 2641 calecam
819 2575 847 2640 Z
870 2574 1047 2641 Zamoscia
1069 2574 1125 2641 die
1148 2578 1208 2643 23⁸
1230 2574 1311 2640 Maii
1334 2595 1423 2641 enno
1449 2575 1581 2642 1586-0.

596 2680 695 2747 WM
719 2681 960 2770 uprzejmy
982 2682 1249 2771 przyjaoiel
1271 2681 1304 2748 J.
1327 2679 1563 2748 Zamoiski
1585 2700 1678 2767 pps.

598 2788 782 2876 Sprawe
804 2797 848 2855 ta
871 2790 1109 2878 przypada
1131 2798 1178 2856 tu
1200 2798 1329 2856 teraz
1352 2789 1492 2878 przed
1515 2789 1585 2855 Kr.
1608 2787 1686 2854 JM.

598 2985 618 3051 ¹)
637 2984 832 3053 Knywczycka
856 2984 1060 3057 Pudenay'anna
1085 3001 1101 3038 s
1126 2986 1208 3039 mu
1237 2984 1423 3047 Ultroros'ccko
1448 2984 1608 3039 huuanba
1632 2982 1776 3045 ckdmska,
1800 2989 1873 3037 tona
1897 2983 1987 3037 Waw·

489 3074 590 3143 rayrica
608 3073 759 3143 (Boniecki
776 3075 855 3131 XIII
874 3093 897 3132 s.
915 3076 970 3146 34).

493 3397 589 3467 11⁴5.
634 3398 727 3486 lersy
751 3398 917 3486 furens,
940 3397 1186 3469 atnluletrator
1211 3399 1290 3469 Pras
1313 3401 1375 3484 ke,
1399 3399 1440 3470 te
1464 3400 1698 3488 Zanayekleuo

1447 3507 1686 3593 Koscierzyna,
1708 3511 1811 3592 241'14
1833 3506 1866 3574 V
1891 3509 1986 3576 1586.

550 3703 836 3786 Usprawiedliwia
858 3704 906 3785 sig
927 3704 1074 3784 dlaczegn
1098 3703 1151 3767 nie
1167 3705 1318 3786 przyslal
1339 3706 1440 3783 dotqd
1459 3703 1645 3787 obieconych
1667 3704 1815 3786 dawniq'
1833 3704 1928 3769 deso}

1015 3812 1030 3875 i
1045 3813 1202 3895 przysyla
1215 3813 1318 3894 jedna
1339 3834 1359 3875 z
1382 3811 1464 3876 nich.

594 4005 714 4058 Panae
732 4004 813 4058 Arch.
833 4006 958 4059 Paristw.
978 4022 1003 4057 w
1021 4005 1173 4059 Krdlerocu.
1189 4004 1321 4073 Hmogl.
1336 4005 1518 4075 Bricfarclriv
1533 4007 1585 4059 Bz
1603 4007 1747 4075 Konzepte.
1765 4006 1886 4075 Koncept
1902 4022 1918 4058 z
1932 4003 1985 4058 kil·

490 4095 569 4146 koma
582 4096 781 4163 poprawkami.
805 4094 835 4148 U
845 4095 913 4162 ζόη
931 4094 1084 4162 nagldwck:
1103 4093 1189 4149 Geor.
1208 4095 1256 4149 Fr.

595 4271 743 4337 Illustris
766 4272 858 4338 D·ne
881 4272 986 4338 amice
1010 4270 1228 4358 singulariter
1249 4273 1347 4339 nobis
1370 4273 1499 4340 dilecte.

596 4379 687 4458 Quae
714 4401 776 4466 per
805 4379 935 4464 legatos
958 4386 1092 4445 nostros
1115 4378 1150 4444 in
1175 4379 1367 4446 solennibus
1391 4380 1519 4467 nuptiis
1542 4381 1592 4446 III
1616 4381 1718 4447 D·nis
1742 4381 1882 4446 Vestrae
1905 4379 1985 4446 Ora·

489 4486 604 4552 coviae
618 4489 640 4566 ¹)
663 4487 705 4552 de
724 4486 853 4552 dnobus
877 4488 1052 4553 tormentis
1076 4487 1119 4553 ad
1142 4487 1375 4554 adornandum
1398 4489 1693 4554 armamentarium
1716 4489 1986 4555 Zamoiscianum

489 4593 712 4680 promisimus,
745 4594 793 4659 ita
824 4594 860 4659 in
892 4593 1053 4660 memoria
1081 4593 1265 4678 habuimus,
1289 4602 1327 4659 ut
1349 4595 1392 4660 de
1414 4593 1456 4660 iis
1480 4595 1668 4660 conflandis
1692 4604 1793 4681 atque
1811 4594 1985 4660 mittendis

488 4723 661 4787 nunquam
684 4700 857 4787 hucusque
880 4701 1119 4788 cogitationem
1143 4700 1404 4789 deposuerimus.
1432 4703 1608 4768 Nescimus
1632 4710 1744 4768 autem
1768 4725 1833 4789 quo
1857 4703 1929 4770 feto
1953 4712 1987 4768 et

488 4809 674 4876 infortunio
689 4818 804 4875 nostro
822 4808 951 4875 fectum
970 4808 1023 4895 sit,
1041 4818 1080 4874 ut
1098 4809 1178 4874 dum
1198 4832 1286 4875 nova
1304 4831 1344 4875 ea
1361 4818 1529 4875 tormenta
1548 4810 1597 4875 111.
1612 4810 1644 4873 D
1662 4810 1698 4875 ni
1716 4809 1857 4877 Vestrae
1876 4819 1986 4875 truns-

489 4920 622 4982 mittere
645 4917 818 4982 studemus
842 4923 876 4982 et
894 4916 930 4981 in
954 4916 1069 4982 dextre
1092 4916 1313 4983 conficiendis
1337 4916 1536 5001 laboremus,
1560 4924 1747 4983 restaurata
1769 4917 1870 4984 domo
1892 4916 1985 4983 fuso·

487 5024 546 5108 ria,
578 5023 723 5112 fortuna,
756 5045 874 5118 operas
907 5032 940 5091 et
963 5023 1092 5095 labores
1115 5024 1278 5111 susorum,
1302 5047 1370 5092 non
1394 5024 1467 5095 sine
1489 5025 1617 5094 iactura
1640 5024 1789 5119 ipsorum
1813 5032 1847 5091 et
1869 5032 1986 5090 nostra
