4775 6225
442 639 499 708 se

442 800 1038 883 cbemtprontinimotlapace.
1071 795 1952 883 mnrmmmfflwmm

441 901 588 956 Maii
616 899 677 956 Uar.
701 917 729 954 n
751 900 898 956 Kratovlc
921 914 996 968 aa
1019 899 1116 955 θαι·
1140 898 1269 955 'l'beiner
1294 902 1339 967 L,
1364 899 1473 954 Vetera
1496 907 1689 955 monmnanta
1713 900 1875 968 Polnin,
1903 901 1950 955 111

443 990 705 1048 nravlnact.

552 1186 770 1254 fflncfinime
791 1208 833 1254 ac
853 1185 1046 1254 beatiseime
1067 1193 1165 1275 pater
1186 1194 1222 1253 et
1244 1186 1388 1271 domine,
1411 1186 1547 1253 domine
1569 1186 1847 1254 clementissima

549 1293 683 1361 literas
701 1293 897 1362 sanctitatis
914 1294 1055 1361 Vestrae
1074 1293 1194 1381 quibus
1212 1294 1257 1360 ad
1279 1317 1370 1360 meas
1389 1294 1578 1382 respondet,
1602 1294 1713 1361 denno
1735 1296 1858 1384 accepi
1877 1318 1946 1362 non

443 1400 675 1488 minoremque
691 1423 733 1468 ax
750 1399 793 1467 iis
810 1422 893 1489 erga
909 1423 965 1468 me
986 1401 1208 1486 clementiam,
1231 1423 1332 1488 qnam
1355 1424 1396 1467 ex
1418 1401 1492 1467 aliis
1515 1402 1743 1489 snper-loribus
1765 1404 1844 1468 eins
1867 1426 1946 1491 per·

444 1507 548 1598 speri,
570 1529 633 1597 pro
664 1529 731 1595 qna
758 1508 839 1595 quid
861 1530 926 1596 ego
949 1508 1077 1596 gratias
1100 1508 1150 1574 illi
1172 1530 1282 1595 agam,
1305 1508 1363 1596 qni
1385 1531 1429 1575 ne
1451 1509 1624 1575 minimam
1647 1508 1785 1595 quidem
1810 1521 1947 1597 parm

444 1614 517 1683 eins
534 1614 646 1683 verbis
668 1616 800 1703 useqni
824 1615 975 1704 poesim?
996 1616 1116 1703 Itaque
1137 1637 1207 1682 non
1229 1624 1300 1682 tam
1321 1625 1360 1682 ut
1383 1615 1418 1681 in
1441 1616 1507 1682 hoc
1528 1638 1652 1703 genere
1673 1617 1867 1702 gratim
1890 1639 1947 1683 ae·

444 1720 546 1790 tionis
565 1721 813 1790 observantiam
835 1721 884 1788 illi
906 1722 1091 1808 ostendam,
1113 1722 1229 1789 literas
1251 1722 1352 1789 hasce
1374 1724 1502 1789 dandas
1526 1724 1569 1788 ad
1591 1746 1665 1789 eam
1687 1723 1818 1811 putavi,
1843 1747 1948 1810 qnam

443 1836 484 1896 nt
505 1828 576 1896 aias
598 1828 822 1915 autoritatem,
844 1829 989 1896 maxime
1011 1852 1078 1916 qna
1099 1830 1143 1896 ad
1166 1829 1439 1916 tranquillitatem
1461 1838 1496 1897 et
1518 1852 1636 1918 pacem
1658 1852 1713 1896 me
1734 1830 1948 1916 cohortatur,

444 1943 576 2004 tanmm
607 1935 698 2025 apud
721 1957 783 2021 me,
816 1945 855 2003 ut
877 1945 965 2022 ante,
987 1935 1036 2003 ita
1057 1958 1148 2003 nnnc
1171 1958 1303 2023 quoque
1325 1938 1438 2003 valere
1459 1945 1610 2022 testarer,
1633 1946 1797 2024 quantum
1821 1938 1949 2005 merito

444 2044 557 2113 valere
587 2066 627 2112 ea
658 2043 767 2113 debet
800 2043 886 2111 (lum
908 2043 1000 2111 enim
1022 2065 1062 2112 eo
1084 2044 1198 2110 animo
1221 2066 1354 2132 semper
1376 2045 1508 2130 fuerim,
1530 2053 1569 2112 ut
1590 2046 1680 2111 vires
1702 2045 1819 2132 Regni
1843 2044 1949 2112 huius

444 2150 563 2219 maiori
594 2172 671 2219 cum
702 2150 874 2218 Ecclesiae
905 2157 940 2217 et
971 2150 1144 2237 religionis
1168 2150 1351 2216 catholicae
1373 2152 1618 2240 propagatione
1640 2160 1758 2218 centn
1779 2152 1949 2219 barbmoe

444 2257 557 2348 potins
580 2256 733 2326 converti
754 2279 855 2347 posse
877 2257 1108 2342 existimarim,
1129 2257 1223 2346 pacis
1247 2280 1323 2324 cnm
1346 2258 1548 2325 Christiams
1572 2258 1731 2325 colendae
1753 2281 1824 2326 non
1848 2261 1949 2348 potui

444 2387 513 2433 non
532 2387 665 2454 semper
686 2374 784 2432 autor
806 2387 887 2433 esse.
920 2365 999 2432 Non
1020 2365 1121 2433 aliter
1143 2364 1308 2433 animatos
1332 2388 1407 2432 cnm
1431 2366 1577 2453 Regiam
1599 2365 1701 2432 etiam
1723 2366 1846 2432 lli-tem
1870 2376 1949 2435 tum

445 2472 588 2541 Ordines
606 2472 721 2560 Regni
740 2471 849 2559 video,
866 2480 905 2538 nt
923 2480 1087 2560 qnantum
1106 2472 1141 2538 in
1159 2472 1244 2561 ipsis
1263 2473 1316 2558 sit,
1339 2494 1455 2561 pacem
1475 2495 1552 2539 cnm
1570 2472 1771 2539 Christianis
1794 2474 1949 2562 cupiant,

445 2579 647 2648 abhorreant
678 2601 698 2647 a
720 2578 816 2647 bello.
849 2579 1034 2661 Quominns
1066 2588 1179 2647 autem
1211 2580 1321 2647 adhue
1343 2581 1548 2665 convenerit,
1570 2603 1640 2647 non
1662 2580 1773 2647 dicam
1795 2581 1949 2673 quidem,

447 2686 541 2755 cuiue
573 2686 671 2775 cnlpa
702 2686 777 2753 fiat:
810 2687 870 2753 ead
902 2685 1063 2753 indicabit
1093 2710 1135 2753 ex
1157 2709 1197 2754 eo
1220 2687 1295 2776 ipsa
1317 2687 1413 2755 Stes
1436 2687 1559 2754 Vestra
1582 2688 1672 2774 qnod
1693 2687 1786 2753 nulla
1808 2687 1880 2753 alia
1901 2710 1949 2764 re,

447 2792 609 2861 hactenns
631 2793 842 2883 impediatur,
865 2815 966 2881 qnam
984 2793 1074 2882 quod
1093 2794 1302 2862 conditiones
1321 2817 1341 2861 a
1359 2817 1486 2862 ser-mo
1510 2795 1689 2861 archiduce
1710 2794 1949 2861 Maximiliano

447 2900 484 2967 in
511 2898 679 2967 deditione
710 2899 890 2985 Bycinensi
921 2902 1105 2989 promissae
1136 2900 1179 2969 ab
1211 2902 1314 2968 altera
1347 2910 1443 2990 parte
1474 2902 1510 2967 in
1543 2901 1681 2968 dubium
1713 2901 1828 2967 vocari
1851 2924 1947 2967 nuno

448 3006 636 3092 videantur;
662 3006 704 3074 de
723 3030 863 3095 quarum
881 3015 995 3075 tamen
1012 3008 1189 3095 aequitate,
1213 3031 1279 3096 quo
1298 3008 1392 3075 S·tas
1414 3009 1537 3076 Vestra
1560 3009 1634 3096 ipsa
1656 3015 1804 3073 statuere
1826 3007 1949 3095 possit,

448 3115 637 3204 exemplum
655 3137 769 3183 earum
787 3138 855 3183 nna
873 3138 949 3183 cum
967 3115 1060 3182 hisce
1078 3117 1122 3181 ad
1141 3115 1249 3183 stem
1266 3116 1424 3183 Vestram
1442 3117 1549 3201 mitto,
1571 3138 1684 3182 meum
1703 3115 1839 3202 quidem
1863 3138 1950 3202 erga

447 3243 565 3311 pacem
597 3221 745 3289 studium
777 3231 878 3310 atque
900 3222 936 3287 in
959 3222 1050 3289 omni
1074 3222 1211 3310 negotio
1234 3222 1298 3289 hoc
1321 3223 1547 3289 sinceritatem
1571 3231 1760 3310 cognoscet,
1782 3231 1822 3289 ut
1845 3247 1948 3311 spero

449 3328 540 3397 Stas
573 3328 693 3396 Vestra
726 3352 801 3396 cnm
834 3352 875 3396 ex
906 3329 1020 3396 Ill-mo
1053 3331 1188 3396 domino
1217 3330 1385 3396 cardinale
1407 3330 1671 3416 Aldobrandino,
1694 3331 1779 3398 S-tis
1802 3330 1950 3398 Vestrae

448 3439 491 3503 de
509 3437 612 3503 latere
630 3437 749 3521 legato,
769 3446 838 3504 tam
858 3461 898 3504 ex
917 3459 965 3521 ee,
981 3460 1079 3524 quem
1098 3438 1369 3523 frequentissime
1388 3440 1430 3504 ad
1453 3461 1507 3504 me
1531 3440 1635 3504 lll-ma
1658 3437 1852 3503 Dominatio
1878 3440 1949 3504 Sua

448 3545 550 3630 misit,
570 3546 754 3612 reverendo
774 3545 910 3612 domino
930 3545 1129 3630 Tholosano,
1153 3567 1252 3632 quem
1275 3555 1313 3611 ut
1336 3569 1399 3632 ego
1424 3546 1587 3632 singulari
1611 3546 1744 3634 pietate,
1776 3544 1949 3631 probitate

449 3674 488 3718 ao
511 3651 701 3718 sinceritate
733 3650 903 3719 indefesso
937 3652 1036 3718 etiam
1070 3652 1105 3717 in
1137 3652 1382 3739 pacificationis
1415 3653 1479 3719 hoc
1510 3653 1647 3738 negotio
1679 3653 1792 3718 labore
1815 3653 1951 3718 versari

450 3758 603 3844 cognovi,
626 3759 673 3824 ita
697 3759 763 3824 mei
787 3781 918 3845 quoque
941 3782 1017 3825 eum
1041 3782 1122 3846 erga
1150 3759 1258 3826 &tem
1281 3761 1436 3825 Vestram
1460 3761 1702 3844 observantiae,
1725 3767 1797 3825 tum
1820 3760 1858 3824 in
1881 3759 1951 3826 hoo

449 3864 586 3952 negotio
605 3866 707 3931 studii
727 3866 955 3933 testimonium
973 3865 1122 3932 vicissim
1142 3866 1237 3932 illum
1260 3866 1344 3931 mihi
1363 3867 1592 3954 praebiturum
1610 3890 1679 3933 non
1698 3867 1822 3933 dubito,
1849 3867 1951 3946 Quod

449 3971 615 4058 reliquum
644 3981 695 4039 eet
723 3973 804 4040 stis
829 3974 968 4040 Vestrae
991 3973 1185 4039 elementiae
1209 3974 1308 4040 etiem
1332 3982 1431 4060 atque
1455 3976 1554 4040 etiam
1577 3997 1631 4039 me
1654 3975 1860 4040 commendo.
1885 3976 1952 4042 Za-

450 4080 577 4147 moscio
601 4080 654 4146 die
677 4081 785 4147 XXII
808 4081 932 4147 mensis
956 4080 1150 4147 Decembris
1174 4103 1263 4147 anno
1286 4081 1421 4148 Domini
1447 4082 1787 4148 MDLXXXVIH-o.

557 4187 770 4255 Eiusdem
803 4187 922 4255 S-tis
955 4189 1149 4254 Vestrae
1181 4187 1470 4254 humillimus
1503 4189 1709 4254 servitor
1731 4190 1850 4254 Ioan.
1875 4190 1950 4256 Za·

450 4297 617 4364 moiski
640 4298 774 4386 regni
796 4298 885 4365 Pol.
910 4299 1225 4365 cancellarius
1249 4308 1292 4365 et
1314 4300 1552 4386 generalis
1576 4300 1852 4387 capitaneus
1876 4323 1950 4368 sss.

454 4674 550 4745 1³5⁴.
596 4675 765 4762 zaaoyrtt
791 4676 831 4746 to
856 4676 996 4762 tttpotttr
1021 4676 1312 4765 litobranttntepo
1510 4676 1661 4760 Zamosc',
1685 4678 1728 4742 22
1750 4675 1823 4740 XII
1849 4679 1937 4745 1588

452 4886 516 4954 Nic
537 4890 707 4973 weariniq'
726 4892 836 4974 cputci
852 4891 990 4956 Zamotl
1007 4892 1021 4954 i
1038 4891 1104 4955 uda
1122 4892 1170 4974 si(
1187 4913 1232 4955 na
1251 4890 1447 4973 konferencjc
1459 4891 1636 4973 pokojbwq,
1655 4899 1697 4955 αι’
1716 4912 1822 4954 cesara
1835 4894 1949 4974 prest-

452 4997 515 5062 mt'e
545 4999 701 5063 wamnki
730 5000 917 5082 bycsyrtskie
937 5000 1020 5081 J'ako
1041 5002 1214 5083 podstaroy
1230 5000 1450 5082 pertraktacji.
1489 4999 1534 5063 W
1546 5000 1764 5082 praeciwnym
1784 5003 1948 5082 wypadku
