4775 6225
498 727 553 790 326

494 896 668 962 prerogatyw
685 892 790 960 urzfdu
812 891 1019 960 tetmariskiego.
1042 886 1165 947 scenas
1183 891 1324 946 csekanem
1342 889 1439 960 odbyla
1456 893 1497 959 π’(
1511 904 1533 957 3
1550 889 1604 947 III
1641 888 1672 961 (j.
1691 909 1728 945 w.
1747 906 1771 946 s.
1789 890 1844 960 43).
1880 889 2001 963 Wyjanr

498 969 739 1049 Zdlkiewskiagcs
764 980 922 1049 Warsrawy
940 981 1067 1051 nastqpil
1082 993 1103 1047 5
1121 981 1181 1045 III,
1204 997 1309 1036 ocrem
1327 983 1441 1036 mkawc
1464 982 1599 1050 szcregdly
1619 982 1720 1053 podajc
1737 983 1865 1035 diariusz
1887 982 1998 1034 mvc-

499 1072 573 1142 ¹1⁰⁶ss
591 1072 793 1230 (liqwbesl-bffil·
804 1162 840 1214 od
857 1163 1044 1230 nicmr'cckiego
1062 1161 1214 1224 lambuit,
1233 1161 1337 1216 tablira
1351 1164 1386 1215 do
1400 1161 1517 1215 liczenia
1529 1162 1680 1231 pienifdzy,
1699 1166 1832 1229 utywana
1844 1169 1931 1231 prm
1945 1159 1999 1213 cel·

500 1250 590 1304 nitdw
608 1266 647 1304 na
665 1251 705 1303 cle
722 1249 826 1317 (Linde
845 1256 866 1305 t.
886 1251 920 1318 1).

502 1536 534 1606 t.
559 1534 774 1607 olazcwaclc
798 1538 901 1623 solat
924 1537 1223 1625 zamoyzzczyscw.
1234 1540 1256 1619 ¹)
1802 1534 1875 1603 8V
1900 1537 1998 1603 1587.

608 1714 692 1768 Arch.
706 1716 875 1785 parirtwowe
901 1730 940 1768 wc
957 1715 1076 1768 Lwooeie
1101 1714 1194 1780 (Arch.
1215 1716 1265 1768 akt
1279 1716 1373 1782 grodn
1392 1718 1405 1767 i
1422 1719 1498 1768 zum.
1516 1730 1556 1768 we
1573 1714 1710 1784 Lwowic).
1745 1714 1804 1767 Rcl.
1823 1718 1909 1767 castr.
1931 1713 1998 1765 hebr.

501 1806 521 1856 t.
540 1805 604 1867 183,
622 1821 644 1858 r.
661 1805 781 1867 381-2.
818 1803 957 1873 Nastgpnc
974 1806 1038 1871 akty
1055 1808 1229 1871 mymt‘enione
1246 1821 1271 1857 w
1283 1806 1432 1874 przypisku
1450 1818 1475 1867 2,
1494 1807 1625 1873 mieszczq
1643 1806 1684 1870 ῆς
1700 1808 1788 1856 tamtc
1805 1819 1845 1856 na
1862 1802 2000 1855 stronach

498 1897 643 1962 382-90.

608 2015 733 2086 Actum
756 2021 792 2086 in
815 2020 908 2086 curia
930 2020 1083 2086 Belsensi
1106 2019 1193 2087 feria
1216 2029 1311 2086 sexta
1333 2021 1369 2085 in
1392 2021 1539 2086 crastino
1557 2020 1774 2086 Ascensionis
1798 2018 1928 2086 Christi
1961 2018 2000 2083 in

501 2130 631 2194 coelum
663 2128 817 2215 proxima
848 2148 937 2194 anno
968 2128 1009 2193 D.
1036 2130 1149 2197 1587...
1181 2127 1411 2194 ministerialis
1443 2128 1612 2194 terrestris
1645 2128 1794 2194 omnium
1827 2135 1998 2193 terrarum

501 2243 536 2300 et
567 2235 781 2301 districtuum
813 2236 912 2323 regni
944 2235 1105 2301 Poloniae
1136 2235 1303 2322 generalis
1335 2236 1498 2323 providus
1531 2234 1716 2302 Chwiedko
1753 2235 1795 2300 de
1827 2234 1998 2301 Zerniki...

500 2363 569 2408 nna
592 2365 669 2409 cum
687 2342 816 2409 duobus
835 2342 1004 2410 nobilibus
1022 2343 1180 2409 videlicet
1197 2342 1356 2409 Floriano
1375 2343 1489 2408 Dusza
1506 2342 1714 2409 Podorsczlri
1738 2343 1780 2408 dc
1797 2342 2000 2408 Podhorcze

502 2458 537 2516 et
558 2449 743 2516 Eustachio
766 2450 1024 2516 Zwiarthowski
1052 2449 1161 2516 eidem
1184 2449 1221 2514 in
1244 2448 1413 2515 efficatius
1436 2449 1667 2516 testimonium
1690 2448 1849 2516 adhibitis
1872 2471 1995 2516 ...reco-

502 2557 650 2644 gnoviu..
674 2558 779 2643 quia..
803 2565 923 2624 octava
950 2556 1005 2623 die
1027 2556 1120 2622 Maii
1132 2578 1317 2643 generosus
1340 2557 1490 2624 loannes
1514 2556 1732 2640 Gosslawski,
1764 2556 1910 2622 famulus
1944 2556 1998 2623 Ill

502 2672 537 2731 ct
559 2664 689 2750 Mag-ci
711 2664 854 2730 Joannis
877 2664 1060 2751 Zamoyski
1084 2663 1182 2751 regni
1205 2663 1366 2731 Poloniae
1388 2665 1592 2731 cancelarii..
1615 2664 1801 2731 tenutarius
1829 2664 1999 2730 bonorum

501 2772 622 2858 Moysa
645 2771 735 2837 dicta
757 2770 931 2837 Padwiesz
955 2771 1037 2837 alias
1060 2771 1215 2838 Padauer
1245 2772 1281 2837 in
1305 2772 1428 2838 ducatu
1451 2781 1485 2838 et
1507 2771 1606 2838 terris
1630 2770 1792 2838 Liuoniae
1820 2771 1862 2836 de
1885 2770 1999 2836 eidem

502 2900 542 2944 ac
564 2877 639 2943 aliis
662 2877 817 2945 omnibus
840 2900 901 2965 per
923 2878 1035 2966 ipsum
1057 2878 1181 2965 ubique
1212 2879 1364 2946 locorum
1395 2878 1520 2945 habitis
1542 2879 1636 2946 iuxta
1658 2880 1787 2945 litteras
1815 2878 1998 2945 confoede-

502 2984 642 3051 rationis
666 2984 833 3071 generalis
856 2985 1074 3053 Warszoviae
1097 3008 1205 3074 nuper
1227 2986 1382 3052 laudatus
1406 3009 1482 3052 cum
1506 2986 1655 3053 exercitu
1678 3007 1739 3053 suo
1758 2986 1852 3054 vario
1870 3007 1998 3072 genere

502 3113 672 3159 armorum
694 3100 866 3180 tamqnam
889 3100 1006 3160 contra
1028 3092 1159 3160 hostem
1182 3092 1312 3181 patriae
1334 3093 1498 3160 instructo
1520 3092 1557 3159 in
1580 3116 1640 3160 sna
1662 3114 1806 3183 persona
1828 3100 1862 3160 et
1884 3092 1997 3159 fumu-

501 3199 612 3268 lorum
648 3222 785 3268 snorum
821 3208 915 3267 extra
951 3201 1125 3268 civitatem
1160 3202 1358 3268 Belzensem
1390 3202 1426 3267 in
1457 3202 1532 3269 loco
1563 3211 1723 3269 consueto
1755 3201 1889 3291 publico
1921 3223 1998 3268 sese

502 3307 782 3375 commonstravit
803 3316 838 3374 et
860 3308 1082 3396 personaliter
1105 3309 1222 3375 sistit...
1235 3311 1269 3399 ²).

613 3489 632 3555 ¹)
667 3487 851 3540 okazowanie
877 3487 1053 3540 naznaczala
1082 3488 1254 3558 konwokacja
1282 3490 1467 3541 warszawska
1486 3488 1679 3558 kcnfederach
1706 3504 1722 3539 z
1752 3501 1768 3553 7
1796 3503 1891 3542 marca
1910 3490 1997 3555 1587.

506 3576 614 3628 Termin
628 3583 665 3645 po
684 3576 915 3646 wcjewc'dztwach
933 3579 946 3627 i
963 3576 1094 3628 zicmiach
1113 3591 1289 3643 wyznaczcny
1308 3577 1352 3643 byl
1367 3593 1406 3630 na
1424 3579 1444 3630 8
1463 3578 1547 3648 maja.
1566 3576 1639 3643 (Vol.
1658 3576 1715 3647 leg.
1736 3577 1766 3629 Π
1786 3579 1874 3645 1060).

611 3669 631 3734 ²)
659 3667 695 3719 To
713 3682 789 3718 samo
807 3667 982 3719 okazowanie
1007 3666 1161 3733 (lustratio,
1181 3666 1366 3734 monstratio)
1392 3667 1529 3734 wykonali
1553 3668 1735 3737 nastfpujqcy
1752 3667 1848 3734 sludzy
1873 3666 1998 3735 (famuli)

504 3753 585 3816 Jana
604 3755 806 3823 Zamoyskiego:

609 3847 637 3912 a)
663 3843 792 3899 Jaccbus
810 3844 984 3898 Jankowski
1003 3843 1038 3898 de
1058 3843 1141 3898 bonis
1160 3844 1220 3897 suis
1238 3844 1336 3914 oppidi
1354 3843 1448 3913 Lipno
1467 3844 1605 3897 tenutarii
1623 3849 1654 3897 et
1673 3843 1748 3898 villis
1766 3843 1904 3912 Jankorr,
1923 3842 1997 3898 Gra-

502 3930 569 3986 bow
588 3939 619 3986 et
639 3932 831 3987 Strzsbowce.

610 4021 639 4090 b)
666 4022 810 4076 Martinus
827 4020 1021 4090 Kiermariski‚
1046 4022 1142 4077 incola
1167 4022 1316 4076 districtus
1343 4022 1513 4076 laomzensis
1531 4029 1626 4075 terrae
1647 4022 1831 4075 Siracziensis
1857 4020 1999 4076 debonis

503 4110 563 4163 suia
582 4110 666 4165 villae
686 4112 904 4166 Wrzeszenicze
922 4111 952 4165 in
971 4118 1050 4165 terra
1064 4112 1217 4165 Siraciensi
1236 4111 1385 4165 districtus
1403 4112 1526 4181 praefati
1545 4117 1665 4164 tenutas
1684 4129 1762 4165 suae.

610 4202 636 4268 c)
655 4200 785 4254 Jcanues
805 4197 965 4271 Wegliriski
985 4200 1020 4253 de
1039 4199 1123 4254 bonis
1142 4199 1202 4253 suis
1221 4199 1306 4253 villae
1325 4199 1487 4253 Nielasicze
1506 4201 1535 4252 in
1554 4206 1632 4254 terra
1651 4200 1843 4270 Leopoliensi.

611 4290 640 4357 d)
659 4290 767 4343 Paulus
784 4291 861 4343 filius
880 4289 985 4344 Jacobi
1003 4289 1206 4344 Cieciszewski
1225 4292 1260 4343 de
1280 4288 1362 4343 bonis
1382 4291 1441 4343 suis
1460 4289 1488 4342 in
1507 4294 1586 4343 terra
1604 4289 1791 4343 Warszoviae
1811 4294 1842 4344 et
1861 4287 1998 4344 districtu

504 4376 660 4431 Czernensi
678 4378 713 4432 de
732 4379 800 4432 villa
819 4379 935 4432 Okunin
954 4384 985 4433 et
1006 4379 1076 4433 Vola
1095 4378 1236 4432 Okunska
1254 4380 1284 4431 in
1302 4380 1434 4448 praefato
1457 4378 1591 4432 districtu
1609 4377 1845 4433 consistentibus.

611 4471 637 4537 e)
665 4467 800 4521 Nicolaus
827 4469 975 4522 Sarniczki
1001 4468 1097 4523 incola
1124 4468 1274 4522 districtus
1302 4468 1575 4523 Krasnostauiensis
1609 4466 1645 4522 de
1671 4468 1754 4521 bonis
1780 4467 1839 4521 suis
1862 4466 1998 4521 villarum

504 4555 595 4626 Lipae
615 4563 645 4610 et
665 4556 831 4611 Zaklodzie.

611 4646 640 4714 d)
658 4646 678 4700 J
681 4663 790 4699 cannes
809 4647 895 4700 Sorcz
916 4647 1085 4715 capitaneus
1104 4646 1300 4701 Kissouieosis
1314 4646 1409 4700 incola
1423 4651 1566 4700 terrarum
1580 4646 1714 4700 Prussiae
1730 4645 1880 4699 districtus
1894 4645 1997 4699 Kisso-

503 4735 611 4790 uiensis
630 4735 809 4805 palatinatus
830 4736 990 4790 Pomcriae.

610 4827 638 4893 e)
656 4825 675 4879 J
678 4841 788 4878 oannes
806 4824 938 4878 Kiniczlri
959 4824 1045 4878 iudex
1064 4831 1188 4879 castren.
1209 4825 1318 4881 belsan.
1336 4826 1366 4878 in
1384 4825 1461 4879 villis
1475 4824 1598 4894 Zabcze,
1613 4824 1758 4879 Bezchdw
1773 4829 1803 4878 et
1819 4823 1998 4878 Sobieczcw.

616 4913 783 4983 OAndrzej
803 4911 967 4982 dablcriski,
995 4914 1104 4969 stclnik
1132 4916 1218 4969 ziemi
1245 4915 1416 4986 podlaskiej,
1435 4913 1615 4985 podstarodci
1639 4914 1733 4969 belski
1759 4913 1866 4968 zdoor
1886 4913 1998 4968 swoich

503 5023 531 5059 w
550 5003 635 5057 ziemi
652 5003 824 5074 pcdlaskiej.

610 5095 641 5167 g)
659 5092 689 5147 J.
699 5092 867 5165 Zamcyski,
882 5094 1016 5149 kanclerz
1031 5095 1040 5147 i
1055 5094 1184 5163 hetman,
1203 5101 1310 5166 poczty
1325 5094 1486 5162 husarskie,
1500 5094 1654 5149 strzelcdw
1669 5092 1814 5164 jezdnych
1828 5093 1839 5145 i
1852 5093 1999 5165 piechote.
