4775 6225
1935 695 1952 750 7

449 856 574 912 kanaler
600 856 652 912 der
674 856 758 914 Kron
775 857 877 915 Pelen.
904 856 1028 914 Mutatis
1045 855 1193 912 mutandis
1212 874 1249 912 au
1269 854 1325 911 den
1343 855 1440 911 Herm
1459 855 1563 912 Dulslri
1581 855 1810 913 Schatzmeister
1837 857 1895 913 und
1914 876 1951 912 au

451 951 508 1006 deu
535 949 635 1005 Herm
660 949 1031 1024 Baraewitu‚ng1·ischer
1048 949 1182 1006 Kanzlar.
1202 949 1237 1003 N.
1253 949 1287 1003 B.
1309 948 1362 1003 Wo
1388 967 1426 1005 au
1453 948 1509 1005 den
1528 948 1750 1005 Grcsslranaler:
1770 949 1898 1005 Illustris
1915 951 1951 1005 D.

452 1042 568 1110 Vestra,
595 1047 672 1098 stett
696 1060 734 1097 an
760 1041 806 1097 die
829 1042 957 1098 anderen
975 1061 1010 1097 zu
1029 1046 1142 1097 eetzeu:
1161 1040 1319 1113 Magnifica
1337 1041 1372 1097 D.
1392 1041 1498 1097 Vestra
1516 1042 1594 1095 Item
1612 1039 1699 1095 oben:
1719 1039 1874 1112 Magnifice
1893 1042 1952 1097 Do·

452 1132 530 1187 mine
549 1138 617 1201 ete,
635 1131 695 1187 und
714 1150 752 1187 an
769 1131 827 1187 deu
844 1131 1055 1187 Barzauicium:
1074 1130 1230 1204 Magnifice
1248 1130 1343 1186 fidelis
1361 1130 1445 1186 uobis
1463 1129 1568 1185 dilecte
1586 1136 1642 1186 etc.

560 1312 730 1400 Georgius
762 1311 954 1379 Fridericus
982 1324 1034 1379 etc.
1063 1310 1213 1378 Salutem
1245 1317 1279 1375 et
1301 1309 1569 1376 benevolentiam
1591 1317 1750 1377 nostram
1775 1308 1825 1376 Ill
1850 1310 1951 1397 D·ne,

451 1419 561 1486 amice
584 1420 801 1507 singulariter
822 1421 919 1488 nobis
943 1420 1071 1487 dilecte.

561 1527 781 1615 Significavit
794 1529 891 1596 nobis
905 1527 1026 1596 nobilis
1041 1535 1075 1595 et
1087 1525 1201 1594 fidelis
1219 1527 1317 1594 nobis
1336 1527 1478 1595 dilectus
1497 1528 1648 1595 Joannes
1667 1525 1708 1592 ab
1727 1526 1907 1593 Aurswald
1920 1529 1952 1610 ¹),

453 1743 599 1810 merario
617 1743 799 1828 Gnlmensi,
818 1766 919 1831 quam
936 1744 972 1809 in
992 1742 1136 1811 comitiis
1154 1741 1248 1809 hisee
1266 1742 1469 1809 instantibus
1488 1742 1647 1830 prosequi
1670 1741 1842 1828 cogitaret
1867 1740 1953 1820 Quia

453 1873 535 1918 vero
567 1852 670 1918 variis
703 1874 739 1918 se
768 1850 1101 1939 tergiversationibus
1125 1858 1159 1916 et
1180 1849 1312 1917 technis
1336 1873 1355 1917 a
1377 1873 1435 1918 reo
1457 1849 1627 1916 ludificari
1649 1848 1772 1933 videat,
1796 1850 1854 1936 qui
1876 1849 1951 1937 ipso

452 1960 562 2027 inscio
589 1968 691 2047 atque
714 1960 859 2044 absente,
882 1959 1029 2046 aliquam
1052 1959 1281 2025 contumaciae
1304 1958 1505 2030 senteutiam
1529 1966 1647 2025 contra
1669 1979 1746 2023 eum
1769 1957 1951 2025 cracoviae

454 2090 491 2133 se
513 2067 699 2135 obtinuisse
721 2067 928 2154 praetendat,
951 2089 1028 2133 cum
1050 2074 1144 2133 actor
1166 2088 1235 2133 non
1257 2065 1324 2132 nisi
1346 2066 1382 2131 in
1405 2065 1547 2153 publicis
1567 2064 1712 2132 comitiis
1730 2064 1792 2131 has
1815 2064 1949 2131 iniuria·

453 2197 529 2240 rum
562 2173 753 2241 criminales
785 2174 933 2241 actiones
964 2174 1103 2240 tractari
1134 2196 1314 2261 persuasus
1346 2180 1448 2258 esset,
1475 2173 1606 2261 ipsique
1638 2173 1681 2240 ob
1712 2172 1849 2251 negotia
1880 2181 1950 2240 tam

454 2282 589 2369 publica
621 2304 722 2368 qnam
753 2281 887 2369 privata
917 2288 1013 2348 tanto
1036 2281 1214 2348 intervallo
1237 2281 1348 2347 aulam
1370 2281 1465 2367 sequi
1488 2279 1696 2367 impossibile
1719 2280 1848 2364 fuisset,
1871 2302 1950 2369 sup-

453 2391 530 2476 plex
562 2411 625 2455 nos
653 2389 796 2477 rogavit,
828 2396 868 2456 ut
899 2388 987 2455 hanc
1015 2411 1150 2455 causam
1174 2411 1269 2455 suam
1293 2387 1380 2454 ssiri
1402 2389 1443 2455 D.
1466 2388 1608 2454 Vestrae
1631 2388 1950 2455 commendaremus.

454 2496 561 2575 Quam
607 2496 679 2562 eius
724 2496 922 2584 petitionem
967 2495 1129 2582 aequitati
1174 2503 1433 2563 consentaneam
1478 2494 1664 2561 iudicantes
1697 2496 1739 2562 ab
1779 2496 1873 2561 Ill-re
1909 2496 1949 2564 D.

452 2603 575 2669 Vestra
606 2610 759 2669 amanter
790 2602 944 2690 petimus,
976 2609 1015 2668 ut
1046 2601 1125 2668 huic
1153 2601 1288 2669 subdito
1310 2609 1427 2668 nostro
1450 2609 1567 2668 contra
1590 2601 1819 2668 adversarium
1842 2624 1950 2685 suum,

452 2718 554 2797 atque
585 2710 785 2795 molitiones,
816 2710 1014 2777 auctoritate
1046 2718 1146 2797 atquc
1178 2710 1416 2776 intercessione
1443 2732 1504 2775 sua
1527 2709 1713 2794 subveniat,
1736 2732 1799 2775 nec
1822 2710 1871 2775 illi
1894 2712 1950 2777 vel

452 2817 635 2884 adversarii
658 2817 711 2884 sui
734 2818 928 2905 potentiam,
951 2818 1005 2885 val
1029 2840 1124 2884 suam
1147 2817 1249 2884 etiam
1272 2816 1354 2883 iuria
1376 2816 1612 2904 ignorantiam,
1636 2824 1694 2883 ant
1717 2818 1782 2883 alia
1804 2818 1951 2906 impedi-

453 2933 566 2992 menta
597 2924 720 3013 legalia
751 2924 787 2991 in
819 2924 1016 2992 defensione
1038 2924 1175 2992 honoris
1200 2932 1299 3012 atque
1323 2924 1534 2991 innocentiae
1557 2947 1637 2991 suae
1659 2925 1772 2991 fraudi
1795 2947 1869 2991 esse
1892 2949 1949 3014 pa·

454 3033 563 3098 tiatur.
596 3031 729 3099 Fecerit
760 3032 872 3100 Hl·ma
904 3032 944 3098 D.
967 3032 1088 3099 Vestra
1112 3054 1183 3098 rem
1206 3032 1373 3120 aequitate
1396 3039 1430 3097 et
1453 3031 1570 3099 officio
1594 3054 1655 3099 suo
1678 3032 1828 3120 dignam,
1849 3034 1949 3100 nobis

453 3150 594 3225 gratam,
617 3147 652 3205 et
673 3147 791 3207 mutua
813 3140 1046 3208 benevolentia
1068 3140 1360 3228 compensandam.
1379 3140 1527 3206 ill-mam
1546 3140 1586 3207 D.
1610 3140 1768 3206 Vestram
1791 3163 1948 3229 prosper·

453 3247 537 3313 rime
558 3247 671 3313 valere
694 3255 859 3335 optamus.
882 3247 1191 3334 Regiomontanals)
1215 3247 1338 3313 XXVI
1356 3246 1411 3313 die
1432 3246 1585 3314 Januarii
1607 3247 1859 3314 MDLXXXV.

561 3445 582 3502 ¹)
601 3442 666 3496 Por.
693 3458 719 3495 w
743 3443 782 3513 tej
804 3444 891 3514 samcj
914 3446 1032 3513 spramc
1057 3443 1107 3496 list
1131 3441 1249 3510 Jeraego
1274 3442 1431 3512 Fryderyka
1456 3460 1471 3495 z
1491 3456 1528 3497 10
1547 3443 1595 3497 Χ]
1608 3455 1646 3507 31
1665 3443 1693 3496 Χ
1712 3446 1784 3509 1582
1803 3442 1901 3511 (Arch.
1919 3443 1949 3499 J.

454 3531 536 3586 Zam.
556 3531 604 3585 111
623 3548 657 3585 nr
676 3532 748 3600 797).

457 3835 554 3907 1⁰⁸⁰.
599 3835 769 3923 lamanai!
795 3835 835 3907 dc
860 3835 947 3907 laad.
971 3835 1128 3923 induala
1153 3837 1313 3925 Batcrsao
1327 3839 1349 3919 ¹)
1502 3836 1705 3921 Warszawa
1728 3841 1767 3905 12
1790 3836 1826 3902 Π
1852 3839 1946 3907 1585.

454 4031 580 4115 Odsyla
612 4055 667 4096 mu
700 4033 777 4115 listy
807 4033 989 4098 Baltaaam
1021 4034 1190 4116 Batorega·
1223 4056 1254 4097 w
1286 4034 1391 4099 caasie
1412 4035 1514 4117 scy'mu
1538 4034 1593 4098 nie
1614 4042 1701 4099 more
1722 4034 1832 4116 wz'fcq'
1845 4035 1948 4117 pisae.

561 4225 642 4280 Arch.
677 4227 883 4281 Ministcrstwa
910 4226 1010 4297 Spraw
1045 4226 1143 4280 Wewn.
1178 4244 1204 4280 w
1239 4226 1356 4281 Pradzc.
1390 4227 1471 4295 0173.
1505 4244 1521 4280 a
1553 4227 1781 4296 wlamorfcrnym
1809 4229 1948 4298 podpiscm

451 4316 613 4369 iadresm.

560 4493 673 4560 ill-me
696 4516 735 4559 ac
757 4495 903 4560 Rev-me
925 4494 1026 4578 D·ue,
1049 4495 1128 4560 d·ne
1151 4493 1269 4560 affinis
1293 4493 1606 4560 observandissime.

559 4602 611 4667 De
644 4601 763 4687 quibus
795 4601 894 4667 rebus
923 4622 984 4687 per
1007 4600 1126 4666 d-num
1150 4600 1313 4686 Scargam
1336 4601 1450 4667 Ill-ma
1472 4601 1512 4667 D.
1536 4600 1658 4666 Vestra
1682 4601 1725 4666 ad
1747 4624 1802 4667 me
1825 4601 1948 4685 retulit,

447 4731 512 4797 per
544 4708 689 4776 eundem
720 4730 810 4773 nunc
842 4707 891 4773 illi
923 4707 1116 4795 respondeo,
1146 4707 1403 4774 necessitudinis
1427 4707 1565 4795 quidem
1587 4715 1722 4775 nostrae
1745 4731 1817 4774 esse
1840 4709 1948 4792 video,

448 4825 488 4882 ut
506 4838 568 4904 per
586 4816 716 4881 litteras
739 4815 840 4881 etiam
864 4815 1015 4903 pluribus
1039 4838 1115 4882 cum
1137 4816 1253 4881 Ill-ma
1275 4816 1315 4882 D.
1339 4816 1462 4882 Vestra
1484 4838 1631 4902 agerem;
1657 4816 1877 4882 humanitatis
1900 4829 1946 4881 ta-

445 4945 527 4991 men
559 4922 712 4989 eiusdem
740 4922 802 4987 erit
825 4921 969 5009 tempori
993 4930 1026 4988 et
1049 4922 1260 4989 comitiorum
1283 4922 1404 4988 horum
1427 4922 1703 5010 occupationibus
1726 4923 1902 5008 ignoscere
1914 4923 1947 5002 ¹).

445 5030 548 5099 Mitto
572 5029 676 5098 simul
694 5029 825 5098 Ill-mae
848 5030 888 5098 D.
913 5029 1053 5098 Vestrae
1076 5029 1204 5097 litterae
1228 5052 1248 5096 a
1270 5029 1376 5097 fratre
1399 5030 1469 5097 eius
1493 5030 1606 5098 Ill-mo
1630 5030 1723 5098 D·no
1746 5029 1947 5097 Balthazare
