4775 6225
528 684 582 741 446

636 845 744 933 Super
766 843 960 911 citationem
988 842 1169 927 liberalem,
1194 863 1261 928 qna
1282 862 1371 928 mag.
1394 842 1545 908 Joannes
1568 840 1755 908 Zamoislri
1785 840 1837 908 de
1862 839 2044 907 Zamoscaia

529 952 643 1040 Regni
675 950 834 1020 Poloniae
867 949 1084 1017 cancellarius
1117 957 1151 1015 et
1173 948 1380 1016 exercituum
1412 969 1588 1036 supremus
1619 948 1841 1036 praefectus
1866 956 1934 1015 etc
1958 955 2044 1025 actor,

529 1058 675 1125 infidum
689 1057 801 1125 Dauid
812 1060 861 1144 (s)
871 1057 1020 1123 Jndeum
1035 1055 1268 1123 Solecaensem
1286 1062 1321 1122 et
1330 1054 1603 1122 Oaaimiriensem
1611 1055 1852 1123 teloneorum
1867 1063 2044 1122 mturare

530 1165 648 1233 citavit
669 1186 732 1253 pro
756 1187 795 1231 eo
814 1163 892 1251 quia
915 1164 1014 1251 ipse...
1033 1162 1089 1229 die
1107 1161 1285 1230 Dominicc
1303 1161 1467 1249 postridie
1485 1161 1566 1228 s·cti
1587 1162 1699 1228 Marci
1714 1165 1740 1245 ¹)
1758 1162 1844 1229 iam
1865 1162 2045 1250 praeterito,

530 1274 621 1340 facto
645 1271 890 1341 condictamine
909 1279 944 1338 at
961 1270 1227 1357 cointelligentia
1244 1276 1361 1336 mutua
1379 1291 1456 1336 cum
1475 1269 1620 1356 quodam
1637 1269 1762 1337 nobile
1785 1268 1945 1338 Simone
1965 1270 2043 1337 Wia

530 1380 679 1467 rzyr'rski,
710 1387 792 1445 tunc
823 1378 985 1466 temporis
1019 1376 1270 1464 vicecapitaneo
1303 1375 1543 1461 Gazimiriensi,
1568 1376 1741 1443 famulum
1773 1377 1950 1445 eiusdem
1971 1399 2044 1463 mag.

531 1485 720 1554 cancellarii
743 1484 1021 1574 supramemorati
1043 1483 1201 1551 videlicet
1223 1484 1370 1551 nobilem
1389 1484 1618 1551 Alexandrum
1636 1483 1892 1551 Brudzewski
1916 1492 2045 1552 mla

530 1594 582 1662 vit
604 1603 638 1661 et
661 1594 804 1661 detinuit
818 1595 946 1681 aliquot
965 1593 1082 1660 diebus
1100 1593 1136 1659 vi
1154 1602 1189 1659 et
1208 1592 1381 1678 violenter,
1399 1593 1533 1680 privata
1550 1592 1773 1678 authoritate,
1797 1616 1882 1661 non
1908 1594 2049 1675 inridica,

531 1702 634 1768 immo
657 1722 759 1767 manu
790 1709 920 1768 armata
951 1722 1028 1767 cum
1060 1721 1185 1787 magno
1217 1700 1366 1766 exercitu
1397 1699 1573 1768 hominnm
1603 1705 1701 1786 (quos
1727 1700 1776 1767 ad
1804 1702 1851 1768 id
1876 1723 1953 1769 una
1984 1723 2048 1767 cun

531 1809 648 1875 eodem
670 1807 888 1895 Wierzydslri
922 1807 1150 1895 suprascripto
1177 1807 1419 1894 congregavit),
1442 1808 1478 1873 in
1501 1807 1607 1874 fluvio
1630 1807 1743 1874 Istnla
1778 1808 1889 1876 circa
1914 1809 2048 1877 Casini·

531 1916 615 1982 riam
639 1938 713 1982 cum
744 1915 968 2002 qnadraginta
999 1914 1147 1981 struibus
1180 1935 1331 1981 asserum
1362 1916 1467 2001 vulgo
1500 1917 1652 1981 wadczos
1675 1913 1688 1978 i
1713 1914 1862 2004 kleplri,
1900 1939 1969 1984 nso
1990 1937 2050 1983 non

532 2022 661 2089 duobus
683 2022 840 2108 navigiis,
864 2022 945 2087 alias
968 2045 987 2087 z
1010 2021 1153 2088 dwiema
1176 2021 1380 2107 komiegami
1403 2021 1570 2087 cineribus
1593 2021 1744 2088 oneratis
1768 2044 1819 2090 ac
1845 2024 1960 2092 tertia
1991 2023 2050 2111 gei

531 2128 674 2197 Joannis
707 2128 871 2195 Dzierzelr
902 2127 934 2195 S.
957 2128 1000 2195 R.
1022 2128 1119 2194 Mais
1151 2127 1323 2194 secretarii
1354 2127 1489 2215 siligine
1511 2127 1656 2195 oneratis
1688 2135 1726 2194 et
1754 2129 1845 2196 aliis
1882 2132 1991 2199 rebus
2021 2130 2051 2195 iu

532 2235 657 2301 eisdem
680 2235 857 2301 structuris
881 2234 923 2301 ad
942 2234 1114 2301 civitatem
1133 2234 1368 2301 Gedanensem
1381 2234 1531 2319 missum,
1550 2243 1584 2301 et
1602 2233 1724 2301 exinde
1743 2235 1790 2303 ab
1813 2238 1951 2305 eodem
1970 2239 2051 2304 Bru-

533 2342 681 2408 dzewslri
712 2342 840 2409 famulo
872 2363 960 2428 mag.
985 2341 1174 2408 cancellarii
1207 2341 1472 2428 supranominati
1505 2341 1541 2407 iu
1564 2342 1634 2408 vim
1655 2340 1815 2410 thelonei
1850 2345 1900 2411 de
1925 2346 2051 2412 eisdem

532 2448 708 2515 structuris
732 2471 790 2515 sex
814 2457 924 2515 castos
948 2448 1098 2515 cinerum
1121 2448 1251 2536 accepit
1274 2456 1392 2515 contra
1415 2455 1541 2515 statuta
1564 2457 1598 2515 et
1621 2448 1901 2518 constitutiones
1926 2453 2050 2540 Regni,

532 2555 716 2644 praemissa
739 2555 894 2622 facienda
915 2562 1029 2621 taram
1052 2555 1194 2623 duorum
1226 2555 1369 2622 millium
1392 2556 1599 2624 florenorum
1623 2563 1656 2623 et
1678 2557 1832 2625 totidem
1858 2559 1987 2627 damni
2017 2561 2050 2626 in

533 2685 569 2730 se
588 2662 806 2746 continentes,
829 2663 1014 2749 praemissa
1031 2663 1165 2729 uberius
1184 2663 1221 2728 in
1239 2685 1300 2729 suo
1318 2664 1498 2730 verborum
1520 2672 1636 2731 tenore
1654 2664 1892 2751 obloquendo.
1917 2669 1965 2734 In
1984 2677 2046 2735 ter·

532 2768 624 2836 mino
647 2768 809 2837 hodierno
828 2792 868 2835 ex
886 2769 1003 2836 eadem
1026 2770 1275 2854 innotescendo,
1289 2770 1440 2857 legitime
1453 2770 1691 2858 proveniendo,
1714 2772 1881 2859 partibus
1906 2776 2043 2863 praefa-

531 2876 586 2960 tis,
617 2883 750 2942 actcrea
789 2898 851 2963 per
883 2875 1031 2943 nobilem
1064 2876 1298 2944 Sebestianum
1330 2877 1547 2962 Kownaczlri,
1579 2877 1718 2945 citatum
1750 2901 1840 2947 vero
1870 2882 2044 2949 Jacobum

533 2981 800 3049 Strzeszlrcwski
830 2991 1062 3070 procuratores
1095 3005 1175 3051 suos
1212 2991 1443 3071 comparentes
1476 2991 1510 3051 et
1541 2991 1836 3052 controvertentes
1877 2988 2038 3055 officinm

532 3112 690 3179 praesens
714 3095 882 3157 castrense
905 3089 1142 3158 Premislieuse
1169 3089 1407 3159 controversiis
1435 3091 1617 3159 earundem
1635 3091 1785 3180 partium
1806 3091 1848 3160 in
1868 3095 1925 3162 sui
1945 3118 2038 3184 praa-

533 3197 641 3264 seutia
662 3197 762 3263 iactis
786 3197 960 3282 exanditis,
984 3197 1189 3266 inhaerendo
1212 3198 1278 3266 iuri
1300 3199 1469 3266 communi
1492 3200 1535 3266 de
1556 3199 1682 3288 plebeis
1706 3203 1928 3269 exactoribus
1964 3227 2038 3270 san·

533 3305 617 3390 citis,
641 3305 790 3372 decrevit
812 3313 846 3371 et
868 3305 1102 3392 praesentibus
1135 3306 1295 3391 decernit,
1318 3306 1492 3394 praedicto
1525 3307 1626 3374 citato
1649 3306 1742 3373 iuxta
1770 3308 2036 3378 submissionem

533 3412 607 3499 ipso
631 3434 707 3477 cum
730 3435 788 3478 sex
812 3411 952 3478 testibus
986 3412 1049 3477 sibi
1073 3413 1108 3477 in
1132 3435 1256 3498 genere
1288 3413 1453 3479 similibus
1477 3414 1619 3481 evadere
1650 3414 1816 3502 corporali
1842 3416 2035 3484 iuramento

533 3523 569 3586 in
593 3519 743 3586 terminis
773 3521 1014 3606 quaerellarum
1048 3529 1081 3585 et
1113 3543 1289 3588 causarum
1322 3522 1430 3587 officii
1463 3522 1614 3609 proxime
1646 3521 1681 3586 in
1713 3530 1824 3589 castro
1861 3525 2032 3611 praesenti

533 3627 739 3694 celebrandis
764 3650 802 3692 ea
825 3628 1002 3693 iuramenti
1025 3628 1134 3693 rotha:
1160 3628 1244 3706 Quia
1268 3629 1341 3716 ipse
1364 3652 1431 3694 una
1454 3652 1529 3695 cum
1548 3630 1651 3695 nobili
1672 3629 1830 3697 Simeone
1850 3632 2031 3718 Wierzyri·

533 3735 595 3819 ski,
618 3742 762 3821 protunc
787 3734 1036 3821 vicecapitaneo
1059 3736 1292 3802 Oazimiriensi
1316 3737 1480 3801 famulum
1509 3759 1596 3824 mag.
1621 3737 1838 3804 cancellarii...
1873 3739 2031 3805 videlicet

533 3843 678 3908 nobilem
712 3843 941 3908 Alexandrum
973 3844 1193 3908 Brudzewski
1225 3867 1294 3911 non
1327 3845 1514 3930 arrestavit,
1546 3868 1608 3910 nec
1645 3845 1797 3930 detinuit,
1835 3870 1962 3934 resque
1994 3871 2029 3914 ex

534 3952 719 4036 structuris,
734 3952 890 4016 videlicet
909 3974 966 4017 sex
986 3961 1095 4018 castos
1115 3952 1265 4018 cinerum
1284 3953 1428 4040 praefati
1447 3955 1568 4020 actoris
1588 3954 1779 4042 propriores
1799 3977 1871 4022 non
1890 3959 2028 4045 accepit,

533 4058 681 4124 siceum
714 4073 747 4123 et
779 4066 881 4124 testes
915 4059 985 4125 eius
1010 4060 1100 4125 Deus
1125 4067 1159 4124 et
1183 4059 1259 4125 S-ta
1282 4060 1408 4125 Christi
1432 4061 1523 4126 Crux
1546 4061 1690 4127 adiuvet.
1725 4063 1914 4148 Postquam
1948 4087 2026 4130 vero

534 4187 609 4229 cum
633 4165 774 4231 testibus
799 4167 867 4231 suis
891 4166 1060 4250 iuraverit,
1076 4166 1230 4232 officium
1253 4190 1411 4254 praesens
1427 4168 1548 4234 obtulit
1571 4191 1607 4233 se
1631 4169 1845 4235 decreturum
1869 4170 1915 4255 id,
1941 4172 2026 4257 quod

533 4272 614 4336 iuris
639 4273 709 4337 erit.
734 4273 779 4336 Et
801 4272 927 4338 habent
951 4295 989 4338 ac
1013 4273 1186 4340 habiturae
1205 4283 1284 4339 sunt
1302 4283 1414 4361 partes
1439 4275 1610 4362 praefatae
1633 4275 1813 4341 terminum
1836 4289 2026 4365 perempto·

533 4379 621 4443 rium
644 4379 680 4442 in
702 4379 854 4444 terminis
879 4381 1121 4465 quaerellarum
1145 4389 1178 4446 et
1202 4403 1377 4447 causarum
1405 4382 1513 4448 officii
1536 4383 1690 4469 proxime
1712 4390 1747 4448 et
1769 4383 1969 4451 immediate
1994 4387 2025 4449 iu

534 4495 642 4551 castro
662 4488 829 4573 praesenti
853 4487 1060 4553 celebrandis
1081 4488 1203 4554 citatus
1227 4489 1429 4576 praestandi,
1449 4497 1583 4556 actores
1600 4512 1681 4556 vero
1700 4492 1892 4556 attentandi
1915 4491 2026 4558 huius·

533 4594 623 4658 modi
647 4593 870 4659 iuramentum
893 4595 1098 4680 ulteriusque
1122 4596 1157 4659 in
1181 4597 1297 4661 eadem
1330 4618 1440 4680 causa,
1465 4606 1566 4683 prout
1598 4597 1640 4661 de
1663 4597 1734 4662 iure
1766 4597 1882 4662 veniet
1914 4621 2026 4686 proee-

534 4701 645 4786 dendi,
669 4700 762 4765 iuxta
794 4701 987 4767 cit-ationem
1021 4703 1141 4767 actoris
1166 4704 1337 4768 decretum
1360 4725 1517 4790 praesens
1542 4703 1708 4768 evasionis
1730 4703 1912 4771 iuratoriae
1936 4729 2028 4793 prae·

533 4807 761 4893 fixionemque
784 4818 817 4873 et
840 4809 1129 4874 conservationem
1158 4809 1294 4875 termini
1317 4810 1352 4874 in
1376 4811 1494 4876 eodem
1518 4811 1652 4877 decreto
1676 4833 1870 4898 expressam
1881 4816 1915 4893 ἵ).

644 4976 662 5037 ¹)
681 4973 718 5022 26
737 4972 970 5035 karietnt'a'1588.

641 5065 660 5127 ²)
679 5060 745 5114 Por.
766 5066 805 5113 tet
825 5078 863 5111 nr
877 5074 918 5126 39
938 5065 1011 5125 2'41.
